Unique_ID,Order_ID,order_name,Net_Quantity,total_sales,Channel_ID,Product_ID,Date,customer_type
1,4995843489989,105231,1,0,Draft Orders,42347175903429,9/8/2023,First-time
2,5012279525573,108361,1,0,Draft Orders,42347175903429,9/21/2023,First-time
3,5015840719045,108991,1,0,Draft Orders,42347175903429,9/25/2023,First-time
4,4999701233861,106431,1,0,Draft Orders,42347175903429,9/12/2023,First-time
5,4999424475333,106341,1,0,Draft Orders,42347175903429,9/12/2023,First-time
6,5012334444741,108381,1,0,Draft Orders,42347175903429,9/21/2023,First-time
7,4995842244805,105221,1,0,Draft Orders,42347175903429,9/8/2023,First-time
8,4995840377029,105211,1,0,Draft Orders,42347175903429,9/8/2023,First-time
9,4999421427909,106331,1,0,Draft Orders,42347175903429,9/12/2023,First-time
10,5015837049029,108981,1,0,Draft Orders,42347175903429,9/25/2023,First-time
11,4999468089541,106361,1,0,Draft Orders,42347175903429,9/12/2023,First-time
12,5015845798085,109001,1,0,Draft Orders,42347175903429,9/25/2023,First-time
13,5011183435973,108171,1,0,Draft Orders,42347175903429,9/20/2023,First-time
14,5012335395013,108391,1,0,Draft Orders,42347175903429,9/21/2023,Returning
15,4995837722821,105191,1,0,Draft Orders,42347175903429,9/8/2023,First-time
16,4932625825989,91651,1,2.55,Online Store,41339626488005,7/10/2023,First-time
17,4979300696261,101821,1,2.99,Shop,41339626488005,8/24/2023,Returning
18,4984090624197,102871,1,2.99,Online Store,41339626488005,8/29/2023,First-time
19,5018807042245,109721,1,2.54,Online Store,41339626488005,9/28/2023,First-time
20,4988182429893,103601,1,2.99,Online Store,41339626488005,9/1/2023,First-time
21,4924918038725,89921,1,2.99,Online Store,41339626488005,7/2/2023,First-time
22,4970177691845,99841,1,2.55,Online Store,41339626488005,8/16/2023,First-time
23,4945675419845,94441,1,2.54,Online Store,41339626488005,7/23/2023,First-time
24,4926796202181,90371,1,2.54,Online Store,41339626488005,7/4/2023,First-time
25,5017367019717,109391,1,2.99,Online Store,41339626488005,9/26/2023,First-time
26,4980350288069,102161,1,2.99,Online Store,41339626488005,8/25/2023,First-time
27,4999284654277,106281,1,2.99,Online Store,41339626488005,9/12/2023,First-time
28,4970564550853,99951,1,2.99,Online Store,41339626488005,8/16/2023,Returning
29,5016969183429,109231,1,2.99,Online Store,41339626488005,9/26/2023,First-time
30,5015280124101,108901,1,2.99,Online Store,41339626488005,9/24/2023,First-time
31,4974986461381,100801,1,2.99,Online Store,41339626488005,8/20/2023,First-time
32,4966432866501,98941,1,2.55,Online Store,41339626488005,8/12/2023,First-time
33,4930932080837,91291,1,2.54,Online Store,41339626488005,7/8/2023,First-time
34,4937605349573,92581,1,2.99,Online Store,41339626488005,7/15/2023,First-time
35,4926948704453,90421,1,2.99,Online Store,41339626488005,7/4/2023,First-time
36,4945934909637,94561,1,2.99,Online Store,41339626488005,7/23/2023,First-time
37,4940174655685,93191,1,2.99,Online Store,41339626488005,7/17/2023,First-time
38,4999244480709,106251,1,2.54,Online Store,41339626488005,9/12/2023,First-time
39,4947485720773,94961,1,3.3,Facebook & Instagram,41339626488005,7/25/2023,First-time
40,4993354924229,104521,1,3.2,Facebook & Instagram,41339626488005,9/6/2023,First-time
41,4973372506309,100511,1,2.99,Online Store,41339626488005,8/19/2023,First-time
42,4996266033349,105311,1,3.26,Facebook & Instagram,41339626488005,9/8/2023,First-time
43,4996266033349,105311,0,0,Facebook & Instagram,41339626488005,9/11/2023,First-time
44,4994975072453,104911,1,2.99,Online Store,41339626488005,9/7/2023,First-time
45,4924639740101,89831,1,2.99,Online Store,41339626488005,7/2/2023,First-time
46,4974615134405,100711,1,2.55,Online Store,41339626488005,8/20/2023,First-time
47,5005712588997,107691,1,0,Online Store,41339626488005,9/18/2023,Returning
48,4944936206533,94251,1,2.99,Online Store,41339626488005,7/22/2023,First-time
49,4980334854341,102131,1,2.99,Online Store,41339626488005,8/25/2023,First-time
50,5006640742597,107891,1,2.99,Online Store,41339626488005,9/19/2023,First-time
51,4933755142341,91891,10,32.96,Online Store,41339626488005,7/11/2023,Returning
52,5018924187845,109801,1,2.99,Online Store,41339626488005,9/28/2023,First-time
53,4931596222661,91501,1,2.54,Online Store,41339626488005,7/9/2023,First-time
54,5014896083141,108821,1,3.28,Online Store,41339626488005,9/24/2023,First-time
55,4924630761669,89811,1,0,Draft Orders,41339626488005,7/2/2023,Returning
56,5007321104581,108011,2,5.09,Online Store,41339626488005,9/19/2023,First-time
57,4988255338693,103611,1,2.99,Online Store,41339626488005,9/1/2023,First-time
58,5005224706245,107631,1,2.99,Online Store,41339626488005,9/17/2023,First-time
59,4929559167173,90921,3,8.97,Online Store,41339626488005,7/7/2023,First-time
60,4931079897285,91341,1,2.99,Online Store,41339626488005,7/9/2023,Returning
61,4997246877893,105591,1,2.99,Online Store,41339626488005,9/9/2023,First-time
62,4965158748357,98631,1,2.99,Online Store,41339626488005,8/10/2023,First-time
63,4936768913605,92361,1,2.99,Online Store,41339626488005,7/14/2023,First-time
64,4964982784197,98581,1,2.99,Online Store,41339626488005,8/10/2023,First-time
65,4979693158597,101921,1,3.17,Facebook & Instagram,41339626488005,8/25/2023,First-time
66,4963888431301,98321,1,2.99,Online Store,41339626488005,8/9/2023,First-time
67,4975765586117,100951,3,8.97,Online Store,41339626488005,8/21/2023,First-time
68,4944298148037,94061,1,2.99,Online Store,41339626488005,7/21/2023,Returning
69,4942279311557,93661,1,2.99,Online Store,41339626488005,7/19/2023,First-time
70,4960404799685,97541,1,2.99,Online Store,41339626488005,8/6/2023,First-time
71,4955921187013,96611,1,2.99,Online Store,41339626488005,8/2/2023,First-time
72,4957134454981,96891,2,5.98,Online Store,41339626488005,8/3/2023,Returning
73,4981439987909,102341,1,2.99,Online Store,41339626488005,8/26/2023,First-time
74,4948401389765,95241,1,2.99,Online Store,41339626488005,7/26/2023,First-time
75,4945828315333,94521,1,3.3,Online Store,41339626488005,7/23/2023,First-time
76,4952214339781,95871,1,2.99,Online Store,41339626488005,7/29/2023,First-time
77,4961358414021,97681,1,2.54,Online Store,41339626488005,8/7/2023,First-time
78,5008919756997,108061,1,2.99,Online Store,41339626488005,9/20/2023,Returning
79,5004059181253,107261,1,2.99,Online Store,41339626488005,9/16/2023,First-time
80,4981439987909,102341,1,2.99,Online Store,41339626389701,8/26/2023,First-time
81,5016666538181,109151,1,2.99,Online Store,41339626389701,9/26/2023,First-time
82,4998047793349,105981,1,2.54,Online Store,41339626389701,9/10/2023,First-time
83,4954403209413,96331,1,2.54,Online Store,41339626389701,7/31/2023,First-time
84,4967832715461,99311,1,2.54,Online Store,41339626389701,8/13/2023,First-time
85,4926948704453,90421,1,2.99,Online Store,41339626389701,7/4/2023,First-time
86,4970564550853,99951,1,2.99,Online Store,41339626389701,8/16/2023,Returning
87,4956532441285,96721,1,3.3,Online Store,41339626389701,8/2/2023,Returning
88,4979458179269,101861,1,2.99,Online Store,41339626389701,8/25/2023,First-time
89,4966246711493,98911,1,2.55,Online Store,41339626389701,8/11/2023,First-time
90,4980978122949,102201,1,2.99,Online Store,41339626389701,8/26/2023,First-time
91,4940442632389,93231,1,2.99,Online Store,41339626389701,7/18/2023,First-time
92,4960404799685,97541,1,2.99,Online Store,41339626389701,8/6/2023,First-time
93,4957431365829,97001,1,2.54,Online Store,41339626389701,8/3/2023,First-time
94,4994667577541,104791,1,2.99,Online Store,41339626389701,9/7/2023,First-time
95,5005224706245,107631,1,2.99,Online Store,41339626389701,9/17/2023,First-time
96,4984186306757,102911,1,2.99,Online Store,41339626389701,8/29/2023,First-time
97,4985577930949,103221,1,2.99,Online Store,41339626389701,8/30/2023,First-time
98,4947485720773,94961,1,3.3,Facebook & Instagram,41339626389701,7/25/2023,First-time
99,4968299135173,99421,1,2.54,Online Store,41339626389701,8/14/2023,First-time
100,4963888431301,98321,1,2.99,Online Store,41339626389701,8/9/2023,First-time
101,4930932080837,91291,1,2.54,Online Store,41339626389701,7/8/2023,First-time
102,4942302478533,93681,-1,-2.99,Online Store,41339626389701,7/20/2023,First-time
103,4942302478533,93681,1,2.99,Online Store,41339626389701,7/19/2023,First-time
104,4957134454981,96891,2,5.98,Online Store,41339626389701,8/3/2023,Returning
105,4997771690181,105801,1,2.99,Online Store,41339626389701,9/10/2023,First-time
106,5008919756997,108061,1,2.99,Online Store,41339626389701,9/20/2023,Returning
107,4944736616645,94161,1,2.99,Online Store,41339626389701,7/22/2023,First-time
108,4993354924229,104521,1,3.2,Facebook & Instagram,41339626389701,9/6/2023,First-time
109,4965158748357,98631,1,2.99,Online Store,41339626389701,8/10/2023,First-time
110,4944298148037,94061,1,2.99,Online Store,41339626389701,7/21/2023,Returning
111,4926796202181,90371,1,2.54,Online Store,41339626389701,7/4/2023,First-time
112,5014452633797,108771,1,2.99,Online Store,41339626389701,9/23/2023,First-time
113,4949072838853,95411,1,2.55,Online Store,41339626389701,7/26/2023,First-time
114,5018924187845,109801,1,2.99,Online Store,41339626389701,9/28/2023,First-time
115,4980334854341,102131,1,2.99,Online Store,41339626389701,8/25/2023,First-time
116,4974986461381,100801,1,2.99,Online Store,41339626389701,8/20/2023,First-time
117,4988255338693,103611,1,2.99,Online Store,41339626389701,9/1/2023,First-time
118,4961358414021,97681,1,2.54,Online Store,41339626389701,8/7/2023,First-time
119,4973372506309,100511,1,2.99,Online Store,41339626389701,8/19/2023,First-time
120,4937605349573,92581,1,2.99,Online Store,41339626389701,7/15/2023,First-time
121,4989872275653,103881,1,2.55,Online Store,41339626389701,9/2/2023,First-time
122,4994725937349,104811,1,2.54,Online Store,41339626389701,9/7/2023,First-time
123,4971764515013,100311,1,2.54,Online Store,41339626389701,8/17/2023,First-time
124,4952214339781,95871,1,2.99,Online Store,41339626389701,7/29/2023,First-time
125,4997581177029,105701,1,3.23,Facebook & Instagram,41339626389701,9/10/2023,First-time
126,4997581177029,105701,0,0,Facebook & Instagram,41339626389701,9/11/2023,First-time
127,4945934909637,94561,1,2.99,Online Store,41339626389701,7/23/2023,First-time
128,5004059181253,107261,1,2.99,Online Store,41339626389701,9/16/2023,First-time
129,4994975072453,104911,1,2.99,Online Store,41339626389701,9/7/2023,First-time
130,4940174655685,93191,1,2.99,Online Store,41339626389701,7/17/2023,First-time
131,4930017165509,91081,2,5.98,Online Store,41339626389701,7/7/2023,First-time
132,4947917504709,95111,1,2.99,Online Store,41339626389701,7/25/2023,First-time
133,4923344683205,89481,1,2.99,Online Store,41339626389701,7/1/2023,First-time
134,4988182429893,103601,1,2.99,Online Store,41339626389701,9/1/2023,First-time
135,5018924187845,109801,1,2.99,Online Store,41339626422469,9/28/2023,First-time
136,4932819157189,91721,1,2.55,Online Store,41339626422469,7/10/2023,First-time
137,4937896427717,92671,1,2.99,Online Store,41339626422469,7/15/2023,First-time
138,5016666538181,109151,1,2.99,Online Store,41339626422469,9/26/2023,First-time
139,4960404799685,97541,1,2.99,Online Store,41339626422469,8/6/2023,First-time
140,4930932080837,91291,1,2.54,Online Store,41339626422469,7/8/2023,First-time
141,4984090624197,102871,1,2.99,Online Store,41339626422469,8/29/2023,First-time
142,4968299135173,99421,1,2.55,Online Store,41339626422469,8/14/2023,First-time
143,5005224706245,107631,1,2.99,Online Store,41339626422469,9/17/2023,First-time
144,4941185515717,93421,1,2.99,Online Store,41339626422469,7/18/2023,Returning
145,4947917504709,95111,1,2.99,Online Store,41339626422469,7/25/2023,First-time
146,4980978122949,102201,1,2.99,Online Store,41339626422469,8/26/2023,First-time
147,4966208340165,98891,1,3.24,Facebook & Instagram,41339626422469,8/11/2023,First-time
148,4966208340165,98891,0,0,Facebook & Instagram,41339626422469,8/14/2023,First-time
149,4924639740101,89831,1,2.99,Online Store,41339626422469,7/2/2023,First-time
150,4940174655685,93191,1,2.99,Online Store,41339626422469,7/17/2023,First-time
151,4929860862149,91021,1,2.99,Online Store,41339626422469,7/7/2023,First-time
152,4947535626437,95001,1,2.54,Online Store,41339626422469,7/25/2023,First-time
153,4949072838853,95411,1,2.54,Online Store,41339626422469,7/26/2023,First-time
154,4926796202181,90371,1,2.54,Online Store,41339626422469,7/4/2023,First-time
155,4973372506309,100511,1,2.99,Online Store,41339626422469,8/19/2023,First-time
156,5004059181253,107261,1,2.99,Online Store,41339626422469,9/16/2023,First-time
157,4979458179269,101861,1,2.99,Online Store,41339626422469,8/25/2023,First-time
158,4994725937349,104811,1,2.54,Online Store,41339626422469,9/7/2023,First-time
159,4934126862533,91971,1,3.22,Online Store,41339626422469,7/11/2023,First-time
160,4966432866501,98941,1,2.55,Online Store,41339626422469,8/12/2023,First-time
161,5004157452485,107281,1,2.99,Online Store,41339626422469,9/16/2023,First-time
162,4983065706693,102661,1,2.55,Online Store,41339626422469,8/28/2023,First-time
163,4944298148037,94061,1,2.99,Online Store,41339626422469,7/21/2023,Returning
164,5016958501061,109221,1,2.99,Online Store,41339626422469,9/26/2023,First-time
165,4965158748357,98631,1,2.99,Online Store,41339626422469,8/10/2023,First-time
166,4957134454981,96891,2,5.98,Online Store,41339626422469,8/3/2023,Returning
167,4980088111301,102031,1,2.55,Online Store,41339626422469,8/25/2023,First-time
168,4980334854341,102131,1,2.99,Online Store,41339626422469,8/25/2023,First-time
169,4993354924229,104521,1,3.2,Facebook & Instagram,41339626422469,9/6/2023,First-time
170,4942279311557,93661,1,2.99,Online Store,41339626422469,7/19/2023,First-time
171,4931079897285,91341,1,2.99,Online Store,41339626422469,7/9/2023,Returning
172,4985715196101,103271,1,2.99,Online Store,41339626422469,8/30/2023,First-time
173,4939854053573,93111,1,2.99,Online Store,41339626422469,7/17/2023,First-time
174,4945934909637,94561,1,2.99,Online Store,41339626422469,7/23/2023,First-time
175,5005712588997,107691,1,0,Online Store,41339626422469,9/18/2023,Returning
176,4952214339781,95871,1,2.99,Online Store,41339626422469,7/29/2023,First-time
177,4940442632389,93231,1,2.99,Online Store,41339626422469,7/18/2023,First-time
178,4947485720773,94961,1,3.3,Facebook & Instagram,41339626455237,7/25/2023,First-time
179,4945934909637,94561,1,2.99,Online Store,41339626455237,7/23/2023,First-time
180,4994725937349,104811,1,2.54,Online Store,41339626455237,9/7/2023,First-time
181,4970120085701,99831,1,2.99,Online Store,41339626455237,8/15/2023,First-time
182,4999284654277,106281,1,2.99,Online Store,41339626455237,9/12/2023,First-time
183,4994975072453,104911,1,2.99,Online Store,41339626455237,9/7/2023,First-time
184,4972821512389,100401,1,0,Draft Orders,41339626455237,8/18/2023,Returning
185,4999967736005,106491,1,2.99,Online Store,41339626455237,9/12/2023,First-time
186,4970564550853,99951,1,2.99,Online Store,41339626455237,8/16/2023,Returning
187,4944936206533,94251,1,2.99,Online Store,41339626455237,7/22/2023,First-time
188,4996266033349,105311,0,0,Facebook & Instagram,41339626455237,9/11/2023,First-time
189,4996266033349,105311,1,3.27,Facebook & Instagram,41339626455237,9/8/2023,First-time
190,4995810984133,105171,1,2.99,Online Store,41339626455237,9/8/2023,First-time
191,4949072838853,95411,1,2.54,Online Store,41339626455237,7/26/2023,First-time
192,4992932020421,104451,2,5.98,Online Store,41339626455237,9/5/2023,First-time
193,5018924187845,109801,1,2.99,Online Store,41339626455237,9/28/2023,First-time
194,4967832715461,99311,1,2.54,Online Store,41339626455237,8/13/2023,First-time
195,4968983920837,99641,1,2.55,Online Store,41339626455237,8/14/2023,First-time
196,5004983926981,107561,1,2.99,Online Store,41339626455237,9/17/2023,First-time
197,4999244480709,106251,1,2.54,Online Store,41339626455237,9/12/2023,First-time
198,4944298148037,94061,1,2.99,Online Store,41339626455237,7/21/2023,Returning
199,4944736616645,94161,1,2.99,Online Store,41339626455237,7/22/2023,First-time
200,4957134454981,96891,2,5.98,Online Store,41339626455237,8/3/2023,Returning
201,5021750657221,110371,1,2.55,Online Store,41339626455237,9/30/2023,First-time
202,4940442632389,93231,1,2.99,Online Store,41339626455237,7/18/2023,First-time
203,4942279311557,93661,1,2.99,Online Store,41339626455237,7/19/2023,First-time
204,4997581177029,105701,0,0,Facebook & Instagram,41339626455237,9/11/2023,First-time
205,4997581177029,105701,1,3.22,Facebook & Instagram,41339626455237,9/10/2023,First-time
206,4979458179269,101861,1,2.99,Online Store,41339626455237,8/25/2023,First-time
207,5017738772677,109451,1,2.99,Online Store,41339626455237,9/27/2023,First-time
208,4937605349573,92581,1,2.99,Online Store,41339626455237,7/15/2023,First-time
209,5021461151941,110291,1,2.99,Online Store,41339626455237,9/30/2023,First-time
210,4939854053573,93111,1,2.99,Online Store,41339626455237,7/17/2023,First-time
211,4952214339781,95871,1,2.99,Online Store,41339626455237,7/29/2023,First-time
212,5005224706245,107631,1,2.99,Online Store,41339626455237,9/17/2023,First-time
213,5015280124101,108901,1,2.99,Online Store,41339626455237,9/24/2023,First-time
214,4997771690181,105801,1,2.99,Online Store,41339626455237,9/10/2023,First-time
215,4966978814149,99061,1,2.99,Online Store,41339626455237,8/12/2023,First-time
216,5017367019717,109391,1,2.99,Online Store,41339626455237,9/26/2023,First-time
217,4965931122885,98831,1,2.99,Online Store,41339626455237,8/11/2023,Returning
218,4929860862149,91021,3,8.97,Online Store,41339626455237,7/7/2023,First-time
219,4965158748357,98631,1,2.99,Online Store,41339626455237,8/10/2023,First-time
220,5006640742597,107891,1,2.99,Online Store,41339626455237,9/19/2023,First-time
221,4944298148037,94061,1,2.99,Online Store,41339626520773,7/21/2023,Returning
222,4979206226117,101791,1,2.99,Online Store,41339626520773,8/24/2023,First-time
223,4975728656581,100941,1,3.27,Online Store,41339626520773,8/21/2023,Returning
224,4957134454981,96891,2,5.98,Online Store,41339626520773,8/3/2023,Returning
225,4926948704453,90421,1,2.99,Online Store,41339626520773,7/4/2023,First-time
226,4947535626437,95001,1,2.54,Online Store,41339626520773,7/25/2023,First-time
227,4953323471045,96091,1,2.99,Online Store,41339626520773,7/31/2023,First-time
228,5005224706245,107631,1,2.99,Online Store,41339626520773,9/17/2023,First-time
229,5018924187845,109801,1,2.99,Online Store,41339626520773,9/28/2023,First-time
230,4967147765957,99131,0,0,Facebook & Instagram,41339626520773,8/14/2023,First-time
231,4967147765957,99131,1,3.2,Facebook & Instagram,41339626520773,8/12/2023,First-time
232,4964982784197,98581,2,5.98,Online Store,41339626520773,8/10/2023,First-time
233,4948492648645,95271,1,2.55,Online Store,41339626520773,7/26/2023,First-time
234,4931596222661,91501,1,2.54,Online Store,41339626586309,7/9/2023,First-time
235,4939854053573,93111,1,2.99,Online Store,41339626586309,7/17/2023,First-time
236,4940442632389,93231,1,2.99,Online Store,41339626586309,7/18/2023,First-time
237,4999244480709,106251,1,2.54,Online Store,41339626586309,9/12/2023,First-time
238,4924639740101,89831,1,2.99,Online Store,41339626586309,7/2/2023,First-time
239,4997987008709,105941,1,2.54,Online Store,41339626586309,9/10/2023,First-time
240,4945934909637,94561,1,2.99,Online Store,41339626586309,7/23/2023,First-time
241,4994725937349,104811,1,2.55,Online Store,41339626586309,9/7/2023,First-time
242,4944298148037,94061,1,2.99,Online Store,41339626586309,7/21/2023,Returning
243,4980334854341,102131,1,2.99,Online Store,41339626586309,8/25/2023,First-time
244,4974615134405,100711,1,2.54,Online Store,41339626586309,8/20/2023,First-time
245,4945675419845,94441,1,2.54,Online Store,41339626586309,7/23/2023,First-time
246,4966978814149,99061,1,2.99,Online Store,41339626586309,8/12/2023,First-time
247,4947485720773,94961,1,3.29,Facebook & Instagram,41339626586309,7/25/2023,First-time
248,5007321104581,108011,1,2.54,Online Store,41339626586309,9/19/2023,First-time
249,4957293281477,96951,1,3.23,Facebook & Instagram,41339626586309,8/3/2023,First-time
250,4971229249733,100121,1,2.99,Online Store,41339626586309,8/17/2023,First-time
251,4997246877893,105591,1,2.99,Online Store,41339626586309,9/9/2023,First-time
252,4949072838853,95411,1,2.54,Online Store,41339626586309,7/26/2023,First-time
253,4952214339781,95871,1,2.99,Online Store,41339626586309,7/29/2023,First-time
254,4995810984133,105171,1,2.99,Online Store,41339626586309,9/8/2023,First-time
255,4992932020421,104451,1,2.99,Online Store,41339626586309,9/5/2023,First-time
256,4979458179269,101861,1,2.99,Online Store,41339626586309,8/25/2023,First-time
257,4980978122949,102201,1,2.99,Online Store,41339626586309,8/26/2023,First-time
258,4979300696261,101821,1,2.99,Shop,41339626586309,8/24/2023,Returning
259,4930017165509,91081,1,2.99,Online Store,41339626586309,7/7/2023,First-time
260,4950811082949,95701,1,2.99,Online Store,41339626586309,7/28/2023,First-time
261,4947917504709,95111,1,2.99,Online Store,41339626586309,7/25/2023,First-time
262,4944736616645,94161,1,2.99,Online Store,41339626586309,7/22/2023,First-time
263,5021750657221,110371,1,2.54,Online Store,41339626586309,9/30/2023,First-time
264,4989136109765,103721,1,2.99,Online Store,41339626586309,9/2/2023,First-time
265,5018924187845,109801,1,2.99,Online Store,41339626586309,9/28/2023,First-time
266,5015280124101,108901,1,2.99,Online Store,41339626586309,9/24/2023,First-time
267,4945828315333,94521,1,3.3,Online Store,41339626586309,7/23/2023,First-time
268,4965158748357,98631,1,2.99,Online Store,41339626586309,8/10/2023,First-time
269,4952236687557,95881,1,2.55,Online Store,41339626586309,7/29/2023,First-time
270,4957134454981,96891,2,5.98,Online Store,41339626586309,8/3/2023,Returning
271,4954403209413,96331,2,5.08,Online Store,41339626586309,7/31/2023,First-time
272,5004502728901,107421,1,2.99,Online Store,41339626586309,9/16/2023,First-time
273,4966432866501,98941,1,2.54,Online Store,41339626586309,8/12/2023,First-time
274,5017367019717,109391,1,2.99,Online Store,41339626586309,9/26/2023,First-time
275,5005224706245,107631,1,2.99,Online Store,41339626586309,9/17/2023,First-time
276,4988182429893,103601,1,2.99,Online Store,41339626586309,9/1/2023,First-time
277,4994725937349,104811,1,2.54,Online Store,41339626553541,9/7/2023,First-time
278,4956532441285,96721,1,3.3,Online Store,41339626553541,8/2/2023,Returning
279,4989136109765,103721,1,2.99,Online Store,41339626553541,9/2/2023,First-time
280,4940700745925,93321,1,2.99,Online Store,41339626553541,7/18/2023,First-time
281,4957134454981,96891,2,5.98,Online Store,41339626553541,8/3/2023,Returning
282,4924639740101,89831,1,2.99,Online Store,41339626553541,7/2/2023,First-time
283,4988182429893,103601,1,2.99,Online Store,41339626553541,9/1/2023,First-time
284,4952236687557,95881,1,2.54,Online Store,41339626553541,7/29/2023,First-time
285,5021461151941,110291,1,2.99,Online Store,42347138384069,9/30/2023,First-time
286,5004157452485,107281,1,2.99,Online Store,42347138384069,9/16/2023,First-time
287,5004983926981,107561,1,2.99,Online Store,42347138384069,9/17/2023,First-time
288,5018924187845,109801,1,2.99,Online Store,42347138384069,9/28/2023,First-time
289,5017738772677,109451,1,2.99,Online Store,42347138384069,9/27/2023,First-time
290,5004502728901,107421,1,2.99,Online Store,42347138384069,9/16/2023,First-time
291,5015179460805,108871,1,2.55,Online Store,42347138384069,9/24/2023,First-time
292,4995810984133,105171,1,2.99,Online Store,42347138384069,9/8/2023,First-time
293,5005137936581,107611,1,2.99,Online Store,42347138384069,9/17/2023,First-time
294,4999701233861,106431,1,0,Draft Orders,42347138384069,9/12/2023,First-time
295,5021687644357,110351,1,2.99,Online Store,42347138384069,9/30/2023,First-time
296,4999284654277,106281,1,2.99,Online Store,42347138384069,9/12/2023,First-time
297,4997246877893,105591,1,2.99,Online Store,42347138384069,9/9/2023,First-time
298,4996722196677,105451,1,2.99,Online Store,42347138384069,9/9/2023,Returning
299,5017253839045,109341,1,2.99,Online Store,42347138384069,9/26/2023,Returning
300,4997581177029,105701,1,3.23,Facebook & Instagram,42347138384069,9/10/2023,First-time
301,4997581177029,105701,0,0,Facebook & Instagram,42347138384069,9/11/2023,First-time
302,4997573509317,105681,4,10.16,Online Store,42347138384069,9/10/2023,First-time
303,5003464016069,107221,1,2.55,Online Store,42347138384069,9/15/2023,First-time
304,5017367019717,109391,1,2.99,Online Store,42347138384069,9/26/2023,First-time
305,4999967736005,106491,1,2.99,Online Store,42347138384069,9/12/2023,First-time
306,5008919756997,108061,1,2.99,Online Store,42347138384069,9/20/2023,Returning
307,5005224706245,107631,1,2.99,Online Store,42347138384069,9/17/2023,First-time
308,5011183435973,108171,1,0,Draft Orders,42347138384069,9/20/2023,First-time
309,5018807042245,109721,1,2.54,Online Store,42347138384069,9/28/2023,First-time
310,4997686886597,105761,4,13.19,Online Store,42347138384069,9/10/2023,Returning
311,5000593408197,106641,2,5.98,Online Store,42347138384069,9/13/2023,First-time
312,4996494033093,105401,1,2.54,Online Store,42347138384069,9/9/2023,First-time
313,4990215389381,103941,1,12.75,Online Store,42176568885445,9/3/2023,First-time
314,4989353722053,103771,1,16.23,Facebook & Instagram,42176568885445,9/2/2023,First-time
315,4989353722053,103771,0,0,Facebook & Instagram,42176568885445,9/5/2023,First-time
316,4923539128517,89541,1,14.99,Online Store,42176568885445,7/1/2023,First-time
317,4940217778373,93211,1,16.53,Online Store,42176568885445,7/17/2023,First-time
318,4996739924165,105471,1,14.99,Online Store,42176568885445,9/9/2023,Returning
319,4952839061701,95961,1,14.99,Online Store,42176568885445,7/30/2023,First-time
320,4962862825669,98021,1,12.74,Online Store,42176568885445,8/8/2023,First-time
321,4970575954117,99981,1,14.99,Online Store,42176568885445,8/16/2023,First-time
322,4933728469189,91881,1,14.99,Online Store,42176568885445,7/11/2023,First-time
323,4963656204485,98261,1,14.99,Online Store,42176568885445,8/9/2023,First-time
324,4928518389957,90681,1,14.99,Online Store,42176568885445,7/6/2023,First-time
325,4948378943685,95221,1,14.99,Shop,42176568885445,7/26/2023,Returning
326,4953552322757,96111,1,14.99,Online Store,42176568885445,7/31/2023,First-time
327,4974120042693,100611,1,14.03,Online Store,42176568885445,8/19/2023,First-time
328,4984362139845,103001,1,14.99,Online Store,42176568885445,8/29/2023,First-time
329,4944770236613,94181,1,12.75,Online Store,42176568885445,7/22/2023,First-time
330,4937709125829,92601,1,14.99,Online Store,42176568885445,7/15/2023,First-time
331,4997732597957,105781,1,14.99,Online Store,42176568885445,9/10/2023,Returning
332,4937712009413,92611,1,14.99,Online Store,42176568885445,7/15/2023,First-time
333,4930506129605,91221,2,29.98,Online Store,42176568885445,7/8/2023,First-time
334,4983389520069,102731,1,0,Draft Orders,42176568885445,8/28/2023,First-time
335,4944252108997,94051,1,14.99,Online Store,42176568885445,7/21/2023,First-time
336,4944850288837,94221,0,0,Facebook & Instagram,42176568885445,7/24/2023,First-time
337,4944850288837,94221,1,16.22,Facebook & Instagram,42176568885445,7/22/2023,First-time
338,4999701233861,106431,1,0,Draft Orders,42176568885445,9/12/2023,First-time
339,4960960544965,97651,1,12.74,Online Store,42176568885445,8/6/2023,First-time
340,4987241627845,103481,1,14.99,Online Store,42176568885445,8/31/2023,First-time
341,4927202394309,90491,0,0,Facebook & Instagram,42176568885445,7/5/2023,First-time
342,4927202394309,90491,1,16.11,Facebook & Instagram,42176568885445,7/4/2023,First-time
343,4925514612933,90051,1,14.99,Online Store,42176568885445,7/3/2023,First-time
344,4997298946245,105611,1,14.99,Online Store,42176568885445,9/9/2023,First-time
345,4945746297029,94481,1,14.99,Online Store,42176568885445,7/23/2023,First-time
346,4980244578501,102101,1,0,Draft Orders,42176568885445,8/25/2023,Returning
347,4957393617093,96981,1,14.99,Online Store,42176568885445,8/3/2023,First-time
348,4957393617093,96981,-1,-14.99,Online Store,42176568885445,8/3/2023,First-time
349,4956503113925,96701,1,12.74,Online Store,42176568885445,8/2/2023,First-time
350,4989125427397,103711,1,14.99,Online Store,42176568885445,9/2/2023,First-time
351,4935046365381,92071,1,12.75,Online Store,42176568885445,7/12/2023,First-time
352,4963043606725,98091,1,16.08,Online Store,42176568885445,8/8/2023,First-time
353,4956999155909,96821,1,14.99,Online Store,42176568885445,8/3/2023,First-time
354,4962976694469,98071,1,14.99,Online Store,42176568885445,8/8/2023,First-time
355,4971349409989,100211,1,0,Draft Orders,42176568885445,8/17/2023,First-time
356,5014176432325,108741,1,12.74,Online Store,42176568885445,9/23/2023,First-time
357,4966920028357,99041,1,14.99,Online Store,42176568885445,8/12/2023,First-time
358,4969068921029,99651,1,14.99,Online Store,42176568885445,8/15/2023,First-time
359,4943096316101,93831,1,14.99,Online Store,42176568885445,7/20/2023,First-time
360,4979255771333,101811,1,12.75,Online Store,42176568885445,8/24/2023,First-time
361,4929048215749,90811,1,16.04,Facebook & Instagram,42176568885445,7/6/2023,First-time
362,4929048215749,90811,0,0,Facebook & Instagram,42176568885445,7/7/2023,First-time
363,4979172999365,101771,1,12.75,Online Store,42176568885445,8/24/2023,First-time
364,4964604346565,98501,1,14.99,Online Store,42176568885445,8/10/2023,First-time
365,4951585161413,95801,1,14.99,Online Store,42176568885445,7/29/2023,First-time
366,4985914130629,103351,1,14.99,Online Store,42176568885445,8/30/2023,First-time
367,5021428351173,110271,1,14.99,Online Store,42176568885445,9/30/2023,First-time
368,5017110085829,109291,1,14.99,Online Store,42176568885445,9/26/2023,First-time
369,4984239358149,102971,1,0,Draft Orders,42176568885445,8/29/2023,First-time
370,4996718985413,105441,1,16.26,Online Store,42176568885445,9/9/2023,First-time
371,4984498094277,103041,1,12.75,Online Store,42176568885445,8/29/2023,First-time
372,4951846584517,95831,1,14.99,Online Store,42176568885445,7/29/2023,First-time
373,4970748936389,100031,1,14.99,Online Store,42176568885445,8/16/2023,First-time
374,4971546869957,100281,1,14.99,Online Store,42176568885445,8/17/2023,First-time
375,5000215363781,106551,1,12.74,Online Store,42176568885445,9/13/2023,First-time
376,4962720022725,97951,1,0,Draft Orders,42176568885445,8/8/2023,First-time
377,4962670313669,97931,1,0,Draft Orders,42176568885445,8/8/2023,First-time
378,4940681609413,93311,1,12.75,Online Store,42176568885445,7/18/2023,First-time
379,5021146480837,110191,1,14.99,Online Store,42176568885445,9/30/2023,First-time
380,4936708587717,92331,1,12.75,Online Store,42176568885445,7/14/2023,First-time
381,5021167321285,110211,1,14.99,Online Store,42176568885445,9/30/2023,First-time
382,4948980400325,95381,0,0,Facebook & Instagram,42176568885445,7/27/2023,First-time
383,4948980400325,95381,1,16.25,Facebook & Instagram,42176568885445,7/26/2023,First-time
384,5004541362373,107441,1,16.53,Online Store,42176568885445,9/16/2023,First-time
385,4999630815429,106401,1,14.99,Online Store,42176568885445,9/12/2023,First-time
386,4996197449925,105301,1,14.99,Online Store,42176568885445,9/8/2023,First-time
387,4933636194501,91831,1,14.99,Online Store,42176568885445,7/11/2023,First-time
388,4962655273157,97921,1,14.99,Online Store,42176568885445,8/8/2023,First-time
389,4945606344901,94411,1,12.74,Online Store,42176568885445,7/23/2023,First-time
390,4980343046341,102151,2,25.48,Online Store,42176568885445,8/25/2023,First-time
391,4942504853701,93701,1,12.74,Online Store,42176568885445,7/20/2023,First-time
392,4937021489349,92451,1,12.74,Online Store,42176568885445,7/14/2023,First-time
393,4924392538309,89741,1,14.99,Online Store,42176568885445,7/2/2023,First-time
394,4955246559429,96511,1,0,Draft Orders,42176568885445,8/1/2023,First-time
395,4989780918469,103851,1,14.99,Online Store,42176568885445,9/2/2023,First-time
396,4935534837957,92151,1,12.75,Online Store,42176568885445,7/13/2023,First-time
397,4958467096773,97221,1,12.74,Online Store,42176568885445,8/4/2023,First-time
398,4997822611653,105831,1,14.99,Online Store,42176568885445,9/10/2023,First-time
399,4950081110213,95571,1,12.74,Online Store,42176568885445,7/27/2023,First-time
400,4963991683269,98381,1,14.99,Online Store,42176568885445,8/9/2023,First-time
401,4958352081093,97181,1,14.99,Online Store,42176568885445,8/4/2023,First-time
402,4933606310085,91821,1,14.99,Online Store,42176568885445,7/11/2023,First-time
403,4976611360965,101091,1,14.99,Online Store,42176568885445,8/22/2023,First-time
404,4970784030917,100051,1,14.99,Online Store,42176568885445,8/16/2023,First-time
405,5017837830341,109501,1,12.74,Online Store,42176568885445,9/27/2023,First-time
406,5004349800645,107351,1,14.99,Online Store,42176568885445,9/16/2023,First-time
407,4934088917189,91961,1,14.99,Online Store,42176568885445,7/11/2023,First-time
408,5004338790597,107341,1,14.99,Online Store,42176568885445,9/16/2023,First-time
409,4958251811013,97131,1,14.99,Online Store,42176568885445,8/4/2023,First-time
410,4925014835397,89941,1,12.75,Online Store,42176568885445,7/2/2023,First-time
411,4945237508293,94341,1,12.74,Online Store,42176568885445,7/22/2023,First-time
412,4956932636869,96801,1,14.99,Online Store,42176568885445,8/3/2023,First-time
413,4940005671109,93171,1,12.75,Online Store,42176568885445,7/17/2023,First-time
414,5011742654661,108251,1,14.99,Online Store,42176568885445,9/21/2023,First-time
415,4929717174469,90981,1,14.99,Online Store,42176568885445,7/7/2023,First-time
416,4924895625413,89891,1,14.99,Online Store,42176568885445,7/2/2023,First-time
417,4999125631173,106241,1,14.99,Online Store,42176568885445,9/12/2023,First-time
418,4946975981765,94841,1,14.99,Online Store,42176568885445,7/24/2023,First-time
419,4970120085701,99831,1,14.99,Online Store,42176568885445,8/15/2023,First-time
420,4928223346885,90651,1,14.99,Online Store,42176568885445,7/5/2023,First-time
421,4927003230405,90441,1,14.99,Online Store,42176568885445,7/4/2023,First-time
422,4982725574853,102611,1,12.75,Online Store,42176568885445,8/28/2023,First-time
423,4962726609093,97961,1,0,Draft Orders,42176568885445,8/8/2023,First-time
424,4966684721349,99001,1,12.74,Online Store,42176568885445,8/12/2023,First-time
425,4964489887941,98481,1,14.99,Online Store,42176568885445,8/10/2023,First-time
426,5005116539077,107591,1,14.99,Online Store,42176568885445,9/17/2023,First-time
427,4923168227525,89461,1,12.75,Online Store,42176568885445,7/1/2023,First-time
428,4970384064709,99881,1,12.74,Online Store,42176568885445,8/16/2023,First-time
429,4938920296645,92891,1,14.99,Online Store,42176568885445,7/16/2023,First-time
430,4971333746885,100151,1,0,Draft Orders,42176568885445,8/17/2023,First-time
431,4979086295237,101751,1,14.99,Online Store,42176568885445,8/24/2023,First-time
432,4961605550277,97781,1,14.99,Online Store,42176568885445,8/7/2023,First-time
433,5012926333125,108461,1,12.75,Online Store,42176568885445,9/22/2023,First-time
434,4967331627205,99171,1,12.75,Online Store,42176568885445,8/13/2023,First-time
435,4924160278725,89731,1,14.99,Online Store,42176568885445,7/1/2023,First-time
436,4980203028677,102081,1,12.74,Online Store,42176568885445,8/25/2023,First-time
437,4984291721413,102981,1,14.99,Online Store,42176568885445,8/29/2023,First-time
438,5017806799045,109491,1,12.74,Online Store,42176568885445,9/27/2023,First-time
439,4963165667525,98121,1,14.99,Online Store,42176568885445,8/8/2023,First-time
440,4946310332613,94661,1,14.99,Online Store,42176568885445,7/24/2023,First-time
441,4950886219973,95711,1,14.99,Online Store,42176568885445,7/28/2023,First-time
442,5006108786885,107791,1,12.75,Online Store,42176568885445,9/18/2023,First-time
443,4980855963845,102191,1,14.99,Online Store,42176568885445,8/26/2023,First-time
444,4928214237381,90641,1,12.74,Online Store,42176568885445,7/5/2023,First-time
445,4928030146757,90611,1,14.99,Online Store,42176568885445,7/5/2023,First-time
446,4947783418053,95051,1,14.99,Online Store,42176568885445,7/25/2023,First-time
447,4934856114373,92051,1,14.99,Online Store,42176568885445,7/12/2023,First-time
448,4935428047045,92101,1,12.74,Online Store,42176568885445,7/13/2023,First-time
449,4930004549829,91071,1,16.53,Online Store,42176568885445,7/7/2023,First-time
450,4982122709189,102481,1,14.99,Online Store,42176568885445,8/27/2023,Returning
451,4974610055365,100701,1,14.99,Shop,42176568885445,8/20/2023,First-time
452,4945703305413,94471,1,14.99,Online Store,42176568885445,7/23/2023,First-time
453,4980239990981,102091,1,14.99,Draft Orders,42176568885445,8/25/2023,First-time
454,4980239990981,102091,-1,-14.99,Draft Orders,42176568885445,8/25/2023,First-time
455,5001352872133,106781,1,12.74,Online Store,42176568885445,9/14/2023,First-time
456,4940883296453,93351,1,12.75,Online Store,42176568885445,7/18/2023,First-time
457,4989640048837,103821,1,14.99,Online Store,42176568885445,9/2/2023,First-time
458,4984037408965,102861,1,12.75,Online Store,42176568885445,8/29/2023,First-time
459,4998171984069,106021,1,14.99,Online Store,42176568885445,9/11/2023,First-time
460,4965227561157,98671,1,14.99,Online Store,42176568885445,8/10/2023,Returning
461,4982217998533,102541,1,14.99,Online Store,42176568885445,8/27/2023,First-time
462,4925516120261,90061,1,14.99,Online Store,42176568885445,7/3/2023,First-time
463,5011183435973,108171,1,0,Draft Orders,42176568885445,9/20/2023,First-time
464,4926172266693,90201,1,14.99,Online Store,42176568885445,7/3/2023,First-time
465,4929048346821,90821,1,14.99,Online Store,42176568885445,7/6/2023,First-time
466,5019399094469,109881,2,25.48,Online Store,42176568885445,9/28/2023,First-time
467,4936607432901,92311,1,14.99,Online Store,42176568885445,7/14/2023,First-time
468,4979791003845,101971,1,0,Draft Orders,42176568885445,8/25/2023,Returning
469,4931943760069,91581,1,14.99,Online Store,42176568885445,7/10/2023,First-time
470,4996052091077,105271,1,14.99,Online Store,42176568885445,9/8/2023,First-time
471,4925167599813,89981,1,14.99,Online Store,42176568885445,7/3/2023,First-time
472,4939018862789,92931,1,12.74,Online Store,42176568885445,7/16/2023,First-time
473,4993748205765,104611,1,14.99,Online Store,42176568885445,9/6/2023,Returning
474,4958555144389,97261,1,14.99,Online Store,42176568885445,8/4/2023,First-time
475,4975434989765,100861,1,14.99,Online Store,42176568885445,8/21/2023,First-time
476,4985277219013,103171,1,14.99,Online Store,42176568885445,8/30/2023,First-time
477,4943980724421,94031,36,323.64,Draft Orders,42176568885445,7/21/2023,First-time
478,5004776407237,107471,1,14.99,Online Store,42176568885445,9/17/2023,First-time
479,4929887240389,91031,1,14.99,Online Store,42176568885445,7/7/2023,First-time
480,4977771086021,101431,1,0,Draft Orders,42176568885445,8/23/2023,First-time
481,4978288197829,101621,1,14.99,Online Store,42176568885445,8/23/2023,First-time
482,4943328280773,93881,1,14.99,Online Store,42176568885445,7/20/2023,Returning
483,4975663644869,100921,1,14.99,Online Store,42176568885445,8/21/2023,First-time
484,4982772269253,102621,1,12.74,Online Store,42176568885445,8/28/2023,First-time
485,5007262286021,107991,1,12.75,Online Store,42176568885445,9/19/2023,First-time
486,4969302294725,99671,1,14.99,Online Store,42176568885445,8/15/2023,First-time
487,4978843844805,101711,1,12.75,Online Store,42176568885445,8/24/2023,First-time
488,5004454035653,107411,1,14.99,Online Store,42176568885445,9/16/2023,First-time
489,4952294785221,95911,1,12.74,Online Store,42176568885445,7/29/2023,First-time
490,4989603250373,103811,1,12.75,Online Store,42176568885445,9/2/2023,First-time
491,4945346199749,94361,1,14.99,Online Store,42176568885445,7/23/2023,First-time
492,4931325952197,91391,1,14.99,Online Store,42176568885445,7/9/2023,First-time
493,4995642425541,105151,1,14.99,Online Store,42176568885445,9/8/2023,First-time
494,4995014164677,104951,1,14.99,Online Store,42176568885445,9/7/2023,First-time
495,4992286752965,104351,1,14.99,Online Store,42176568885445,9/5/2023,First-time
496,4939092984005,92951,0,0,Facebook & Instagram,42176568885445,7/17/2023,First-time
497,4939092984005,92951,1,16.15,Facebook & Instagram,42176568885445,7/16/2023,First-time
498,4945684037829,94451,1,12.75,Online Store,42176568885445,7/23/2023,First-time
499,4925399367877,90021,1,14.99,Online Store,42176568885445,7/3/2023,First-time
500,4939259052229,93001,1,14.99,Online Store,42176568885445,7/16/2023,First-time
501,4984228053189,102941,1,0,Draft Orders,42176568885445,8/29/2023,First-time
502,4938687185093,92851,1,12.74,Online Store,42176568885445,7/16/2023,First-time
503,4930029191365,91091,1,14.99,Online Store,42176568885445,7/7/2023,Returning
504,5012401062085,108411,1,12.74,Online Store,42176568885445,9/21/2023,First-time
505,4947278627013,94911,1,12.74,Online Store,42176568885445,7/25/2023,First-time
506,5009872847045,108071,1,12.75,Online Store,42176568885445,9/20/2023,First-time
507,4998861586629,106151,1,14.99,Online Store,42176568885445,9/11/2023,First-time
508,4965501403333,98721,1,14.99,Online Store,42176568885445,8/11/2023,First-time
509,4953322258629,96081,1,14.99,Online Store,42176568885445,7/31/2023,First-time
510,4990483628229,104031,1,14.99,Online Store,42176568885445,9/3/2023,First-time
511,4938431234245,92791,1,14.99,Online Store,42176568885445,7/16/2023,First-time
512,5004919308485,107531,1,12.74,Online Store,42176568885445,9/17/2023,First-time
513,4967109394629,99111,1,14.99,Online Store,42176568885445,8/12/2023,First-time
514,4969738993861,99781,1,0,Draft Orders,42176568885445,8/15/2023,First-time
515,4999360577733,106301,1,14.99,Online Store,42176568885445,9/12/2023,First-time
516,4926425792709,90241,0,0,Facebook & Instagram,42176568885445,7/5/2023,First-time
517,4926425792709,90241,1,16.04,Facebook & Instagram,42176568885445,7/4/2023,First-time
518,5018924187845,109801,1,14.99,Online Store,42176568885445,9/28/2023,First-time
519,4973064421573,100451,1,0,Draft Orders,42176568885445,8/18/2023,Returning
520,5015833477317,108971,1,14.99,Online Store,42176568885445,9/25/2023,First-time
521,5016593662149,109141,1,14.99,Online Store,42176568885445,9/26/2023,Returning
522,4985996640453,103381,1,12.74,Online Store,42176568885445,8/30/2023,First-time
523,4947527205061,94991,1,0,Draft Orders,42176568885445,7/25/2023,Returning
524,5020950855877,110111,1,12.75,Online Store,42176568885445,9/30/2023,First-time
525,5004789547205,107491,1,12.74,Online Store,42176568885445,9/17/2023,First-time
526,4987399372997,103511,1,14.99,Online Store,42176568885445,8/31/2023,First-time
527,5017601245381,109431,1,14.99,Online Store,42176568885445,9/27/2023,First-time
528,4996020502725,105261,1,12.75,Online Store,42176568885445,9/8/2023,First-time
529,5004803506373,107501,1,12.74,Online Store,42176568885445,9/17/2023,First-time
530,5014320152773,108761,1,14.99,Online Store,42176568885445,9/23/2023,First-time
531,4939775803589,93101,1,12.75,Online Store,42176568885445,7/17/2023,First-time
532,4987415265477,103531,1,12.74,Online Store,42176568885445,8/31/2023,First-time
533,4997984813253,105931,0,0,Facebook & Instagram,42176568885445,9/11/2023,First-time
534,4997984813253,105931,1,15.89,Facebook & Instagram,42176568885445,9/10/2023,First-time
535,4982131589317,102491,1,14.99,Online Store,42176568885445,8/27/2023,First-time
536,4948102938821,95171,1,14.99,Online Store,42176568885445,7/25/2023,First-time
537,4928566624453,90721,1,0,Draft Orders,42176568885445,7/6/2023,Returning
538,4929590427845,90941,1,14.99,Online Store,42176568885445,7/7/2023,First-time
539,4974890188997,100771,1,14.99,Online Store,42176568885445,8/20/2023,First-time
540,5013856911557,108651,1,14.99,Online Store,42176568885445,9/23/2023,First-time
541,4991064604869,104101,1,14.99,Online Store,42176568885445,9/4/2023,First-time
542,4972534563013,100381,1,0,Draft Orders,42176568885445,8/18/2023,Returning
543,4923945353413,89661,1,14.99,Online Store,42176568885445,7/1/2023,First-time
544,4927706038469,90531,1,14.99,Online Store,42176568885445,7/5/2023,First-time
545,4978072682693,101551,1,0,Draft Orders,42176568885445,8/23/2023,Returning
546,4936743289029,92351,1,14.99,Online Store,42176568885445,7/14/2023,First-time
547,4926738792645,90331,1,14.99,Online Store,42176568885445,7/4/2023,First-time
548,4947013238981,94861,1,14.99,Online Store,42176568885445,7/24/2023,Returning
549,4947859800261,95101,1,14.99,Online Store,42176568885445,7/25/2023,First-time
550,4928285900997,90661,1,12.75,Online Store,42176568885445,7/6/2023,First-time
551,4958422139077,97211,1,0,Draft Orders,42176568885445,8/4/2023,Returning
552,4926564729029,90301,1,14.99,Online Store,42176568885445,7/4/2023,First-time
553,4953864503493,96161,1,12.75,Online Store,42176568885445,7/31/2023,First-time
554,4927035113669,90461,1,14.99,Online Store,42176568885445,7/4/2023,First-time
555,4929117683909,90841,1,12.75,Online Store,42176568885445,7/6/2023,First-time
556,4930471100613,91211,1,14.02,Online Store,42176568885445,7/8/2023,First-time
557,5004913443013,107521,1,12.75,Online Store,42176568885445,9/17/2023,First-time
558,4945623187653,94421,1,12.75,Online Store,42176568885445,7/23/2023,First-time
559,5013122351301,108511,1,14.99,Online Store,42176568885445,9/22/2023,First-time
560,5017990037701,109551,1,14.99,Online Store,42176568885445,9/27/2023,First-time
561,4944835641541,94211,1,14.99,Online Store,42176568885445,7/22/2023,First-time
562,4974401290437,100621,1,12.75,Online Store,42176568885445,8/20/2023,First-time
563,4953999048901,96231,1,0,Draft Orders,42176568885445,7/31/2023,First-time
564,4964634067141,98521,1,14.99,Online Store,42176568885445,8/10/2023,First-time
565,4951935221957,95841,0,0,Facebook & Instagram,42176568885445,7/31/2023,First-time
566,4951935221957,95841,1,16.19,Facebook & Instagram,42176568885445,7/29/2023,First-time
567,4979804012741,101981,1,14.99,Online Store,42176568885445,8/25/2023,First-time
568,4931845259461,91561,1,14.99,Online Store,42176568885445,7/9/2023,First-time
569,4971339120837,100171,1,0,Draft Orders,42176568885445,8/17/2023,First-time
570,4963861070021,98311,1,0,Draft Orders,42176568885445,8/9/2023,First-time
571,4927612092613,90511,1,0,Draft Orders,42176568885445,7/5/2023,Returning
572,5004245369029,107311,1,14.99,Online Store,42176568885445,9/16/2023,First-time
573,5016483922117,109111,1,14.99,Online Store,42176568885445,9/25/2023,First-time
574,5007215984837,107961,1,14.99,Online Store,42176568885445,9/19/2023,Returning
575,4970668851397,100011,1,14.99,Online Store,42176568885445,8/16/2023,First-time
576,5015717937349,108961,1,14.99,Online Store,42176568885445,9/25/2023,First-time
577,4973247529157,100491,1,14.99,Online Store,42176568885445,8/18/2023,First-time
578,4964263100613,98461,1,14.99,Online Store,42176568885445,8/9/2023,First-time
579,4950559359173,95661,1,14.99,Online Store,42176568885445,7/28/2023,First-time
580,5016514592965,109121,1,12.74,Online Store,42176568885445,9/25/2023,First-time
581,4968453210309,99501,1,14.99,Online Store,42176568885445,8/14/2023,First-time
582,4981815247045,102401,1,12.75,Online Store,42176568885445,8/27/2023,First-time
583,4953640698053,96131,1,14.99,Online Store,42176568885445,7/31/2023,First-time
584,4954327089349,96301,1,14.99,Online Store,42176568885445,7/31/2023,First-time
585,4984209801413,102931,1,14.99,Online Store,42176568885445,8/29/2023,Returning
586,5002664444101,107081,1,14.99,Online Store,42176568885445,9/15/2023,First-time
587,4999424901317,106351,1,0,Draft Orders,42176568885445,9/12/2023,Returning
588,4965430460613,98701,1,14.99,Online Store,42176568885445,8/11/2023,First-time
589,4988063678661,103581,1,14.99,Online Store,42176568885445,9/1/2023,First-time
590,4932605804741,91641,1,14.99,Online Store,42176568885445,7/10/2023,First-time
591,4966275055813,98921,1,12.74,Online Store,42176568885445,8/11/2023,First-time
592,4931031138501,91321,1,14.99,Online Store,42176568885445,7/8/2023,First-time
593,5004240519365,107301,1,0,Draft Orders,42176568885445,9/16/2023,First-time
594,4984779178181,103111,1,14.99,Online Store,42176568885445,8/29/2023,First-time
595,4973641760965,100541,1,16.41,Online Store,42176568885445,8/19/2023,First-time
596,4957134454981,96891,2,29.98,Online Store,42176568885445,8/3/2023,Returning
597,5005256786117,107641,1,14.99,Online Store,42176568885445,9/17/2023,First-time
598,5021112500421,110171,1,14.99,Online Store,42176568885445,9/30/2023,Returning
599,4944313450693,94071,1,14.99,Online Store,42176568885445,7/21/2023,First-time
600,4997895782597,105851,1,12.75,Online Store,42176568885445,9/10/2023,First-time
601,4962514567365,97901,1,14.99,Online Store,42176568885445,8/8/2023,First-time
602,5000062107845,106511,1,14.99,Online Store,42176568885445,9/12/2023,First-time
603,4964864458949,98571,1,12.75,Online Store,42176568885445,8/10/2023,First-time
604,5000066236613,106521,1,14.99,Draft Orders,42176568885445,9/12/2023,First-time
605,5013633794245,108631,1,16.27,Online Store,42176568885445,9/22/2023,First-time
606,4940198019269,93201,1,14.99,Online Store,42176568885445,7/17/2023,First-time
607,4938615521477,92821,1,12.74,Online Store,42176568885445,7/16/2023,First-time
608,4957160046789,96921,1,14.99,Online Store,42176568885445,8/3/2023,First-time
609,4967947403461,99361,1,14.99,Online Store,42176568885445,8/13/2023,First-time
610,4926140842181,90161,1,14.99,Online Store,42176568885445,7/3/2023,First-time
611,4931374252229,91421,2,29.98,Online Store,42176568885445,7/9/2023,First-time
612,4960868237509,97641,1,12.74,Online Store,42176568885445,8/6/2023,First-time
613,4942219673797,93641,1,12.74,Online Store,42176568885445,7/19/2023,First-time
614,4981728837829,102371,1,12.74,Online Store,42176568885445,8/27/2023,First-time
615,5021409968325,110261,1,14.99,Online Store,42176568885445,9/30/2023,First-time
616,4993969127621,104641,1,14.99,Online Store,42176568885445,9/6/2023,First-time
617,4947328762053,94931,1,12.74,Online Store,42176568885445,7/25/2023,First-time
618,4973000163525,100431,1,14.99,Shop,42176568885445,8/18/2023,Returning
619,4924431106245,89751,1,14.99,Online Store,42176568885445,7/2/2023,First-time
620,4939547410629,93051,1,16.49,Online Store,42176568885445,7/17/2023,First-time
621,5001892692165,106961,1,12.74,Online Store,42176568885445,9/14/2023,First-time
622,4990229446853,103971,1,14.99,Online Store,42176568885445,9/3/2023,First-time
623,4978863800517,101731,1,16.5,Facebook & Instagram,42176568885445,8/24/2023,First-time
624,4931524034757,91471,1,14.99,Online Store,42176568885445,7/9/2023,First-time
625,4993998291141,104651,1,14.99,Online Store,42176568885445,9/6/2023,First-time
626,4999372898501,106311,1,14.99,Online Store,42176568885445,9/12/2023,First-time
627,4924769272005,89871,1,14.99,Online Store,42176568885445,7/2/2023,First-time
628,4932916412613,91731,1,12.75,Online Store,42176568885445,7/10/2023,First-time
629,4959479038149,97421,1,14.99,Online Store,42176568885445,8/5/2023,First-time
630,4993414693061,104531,1,16.53,Facebook & Instagram,42176568885445,9/6/2023,First-time
631,5013481947333,108601,1,14.99,Online Store,42176568885445,9/22/2023,First-time
632,5001805070533,106931,1,41.87,Online Store,40863057477829,9/14/2023,First-time
633,4972229263557,100361,1,44.99,Online Store,40863057477829,8/17/2023,First-time
634,4937064317125,92471,1,38.24,Online Store,40863057477829,7/14/2023,First-time
635,4924493070533,89781,2,89.98,Online Store,40863057477829,7/2/2023,First-time
636,4967079346373,99101,1,38.24,Online Store,40863057477829,8/12/2023,First-time
637,5007339454661,108031,1,38.24,Online Store,40863057477829,9/19/2023,First-time
638,4930571501765,91231,1,44.99,Online Store,40863057477829,7/8/2023,First-time
639,4956666265797,96741,1,44.99,Online Store,40863057477829,8/2/2023,First-time
640,4987260436677,103491,1,44.99,Online Store,40863057477829,8/31/2023,Returning
641,4987241627845,103481,1,44.99,Online Store,40863057477829,8/31/2023,First-time
642,4943774712005,93971,1,44.99,Online Store,40863057477829,7/21/2023,First-time
643,4984176509125,102901,1,44.99,Online Store,40863057477829,8/29/2023,First-time
644,4979906576581,102001,1,48.87,Online Store,40863057477829,8/25/2023,First-time
645,4939234017477,92991,1,38.23,Online Store,40863057477829,7/16/2023,First-time
646,5001721086149,106881,1,49.26,Online Store,40863057477829,9/14/2023,First-time
647,5015833477317,108971,1,44.99,Online Store,40863057477829,9/25/2023,First-time
648,4924075671749,89701,1,38.24,Online Store,40863057477829,7/1/2023,First-time
649,4966234816709,98901,1,38.23,Online Store,40863057477829,8/11/2023,Returning
650,4951414472901,95791,1,49.38,Facebook & Instagram,40863057477829,7/28/2023,First-time
651,4951414472901,95791,0,0,Facebook & Instagram,40863057477829,7/31/2023,First-time
652,4956199092421,96651,1,44.99,Online Store,40863057477829,8/2/2023,First-time
653,4995106635973,104971,2,96.62,Facebook & Instagram,40863057477829,9/7/2023,First-time
654,4995106635973,104971,0,0,Facebook & Instagram,40863057477829,9/8/2023,First-time
655,4977005756613,101201,1,44.99,Online Store,40863057477829,8/22/2023,Returning
656,4929201668293,90871,1,44.99,Online Store,40863057477829,7/6/2023,First-time
657,4998040158405,105971,1,38.24,Online Store,40863057477829,9/10/2023,First-time
658,4945175445701,94311,1,44.99,Online Store,40863057477829,7/22/2023,First-time
659,5019399094469,109881,1,38.25,Online Store,40863057477829,9/28/2023,First-time
660,4982725574853,102611,1,38.23,Online Store,40863057477829,8/28/2023,First-time
661,4966246711493,98911,1,38.23,Online Store,40863057477829,8/11/2023,First-time
662,5001684254917,106851,1,41.87,Online Store,40863057477829,9/14/2023,First-time
663,4939585978565,93061,1,44.99,Online Store,40863057477829,7/17/2023,Returning
664,5003386355909,107211,1,44.99,Online Store,40863057477829,9/15/2023,First-time
665,4978294325445,101631,1,38.24,Online Store,40863057477829,8/23/2023,First-time
666,5014452633797,108771,1,44.99,Online Store,40863057477829,9/23/2023,First-time
667,4958669373637,97331,1,44.99,Online Store,40863057576133,8/4/2023,First-time
668,4939092984005,92951,0,0,Facebook & Instagram,40863057576133,7/17/2023,First-time
669,4939092984005,92951,1,48.47,Facebook & Instagram,40863057576133,7/16/2023,First-time
670,4926151852229,90191,1,44.99,Online Store,40863057576133,7/3/2023,First-time
671,4967036289221,99081,1,44.99,Online Store,40863057445061,8/12/2023,First-time
672,5004919308485,107531,1,38.24,Online Store,40863057445061,9/17/2023,First-time
673,4987241627845,103481,1,44.99,Online Store,40863057445061,8/31/2023,First-time
674,4996020502725,105261,1,38.23,Online Store,40863057445061,9/8/2023,First-time
675,4933369102533,91781,1,38.24,Online Store,40863057445061,7/11/2023,First-time
676,4991309512901,104181,1,44.99,Online Store,40863057445061,9/4/2023,First-time
677,4998136824005,106011,1,44.99,Online Store,40863057445061,9/10/2023,First-time
678,4996494033093,105401,1,38.24,Online Store,40863057445061,9/9/2023,First-time
679,5005137936581,107611,1,44.99,Online Store,40863057445061,9/17/2023,First-time
680,4983452401861,102771,1,38.24,Online Store,40863057445061,8/28/2023,First-time
681,4963244605637,98141,1,44.99,Online Store,40863057445061,8/8/2023,First-time
682,4957160046789,96921,1,44.99,Online Store,40863057445061,8/3/2023,First-time
683,4980350288069,102161,1,44.99,Online Store,40863057445061,8/25/2023,First-time
684,4996052091077,105271,1,44.99,Online Store,40863057445061,9/8/2023,First-time
685,4967411253445,99191,1,44.99,Online Store,40863057445061,8/13/2023,First-time
686,5010046222533,108091,1,44.99,Online Store,40863057445061,9/20/2023,First-time
687,4995627286725,105131,1,44.99,Online Store,40863057445061,9/8/2023,First-time
688,4985996640453,103381,1,38.24,Online Store,40863057445061,8/30/2023,First-time
689,4925167599813,89981,1,44.99,Online Store,40863085854917,7/3/2023,First-time
690,5013481947333,108601,1,44.99,Online Store,40863085854917,9/22/2023,First-time
691,4996362862789,105361,1,38.24,Online Store,40863085854917,9/8/2023,First-time
692,5015845798085,109001,1,0,Draft Orders,40863085854917,9/25/2023,First-time
693,4947278627013,94911,1,38.24,Online Store,40863085854917,7/25/2023,First-time
694,4971341283525,100181,1,0,Draft Orders,40863085854917,8/17/2023,First-time
695,4971349409989,100211,1,0,Draft Orders,40863085854917,8/17/2023,First-time
696,4971336433861,100161,1,0,Draft Orders,40863085854917,8/17/2023,First-time
697,4984231592133,102951,1,0,Draft Orders,40863085854917,8/29/2023,First-time
698,4925014835397,89941,1,38.23,Online Store,40863085854917,7/2/2023,First-time
699,4924895625413,89891,1,44.99,Online Store,40863085854917,7/2/2023,First-time
700,5012334444741,108381,1,0,Draft Orders,40863085854917,9/21/2023,First-time
701,4936867414213,92401,1,44.99,Online Store,40863085854917,7/14/2023,First-time
702,4931012755653,91311,1,44.99,Online Store,40863085854917,7/8/2023,First-time
703,4974467776709,100651,1,38.24,Online Store,40863085854917,8/20/2023,First-time
704,4971344494789,100191,1,0,Draft Orders,40863085854917,8/17/2023,First-time
705,5003464016069,107221,1,38.23,Online Store,40863085854917,9/15/2023,First-time
706,4963589652677,98231,1,38.24,Online Store,40863085854917,8/9/2023,Returning
707,4945848664261,94541,1,38.24,Online Store,40863085854917,7/23/2023,First-time
708,4947858620613,95091,1,44.99,Online Store,40863085854917,7/25/2023,First-time
709,4976928489669,101181,10,299.9,Draft Orders,40863085854917,8/22/2023,First-time
710,4971355963589,100221,1,0,Draft Orders,40863085854917,8/17/2023,First-time
711,4999424475333,106341,1,0,Draft Orders,40863085854917,9/12/2023,First-time
712,4946354503877,94671,1,44.99,Online Store,40863085854917,7/24/2023,First-time
713,4946993643717,94851,1,44.99,Online Store,40863085854917,7/24/2023,First-time
714,4946745065669,94761,1,44.99,Online Store,40863085854917,7/24/2023,First-time
715,5012335395013,108391,1,0,Draft Orders,40863085854917,9/21/2023,Returning
716,4924160278725,89731,1,44.99,Online Store,40863085854917,7/1/2023,First-time
717,4987100332229,103451,1,38.23,Online Store,40863085854917,8/31/2023,First-time
718,5018825097413,109731,1,44.99,Online Store,40863085854917,9/28/2023,First-time
719,4984362139845,103001,1,44.99,Online Store,40863085854917,8/29/2023,First-time
720,5015837049029,108981,1,0,Draft Orders,40863085854917,9/25/2023,First-time
721,5012279525573,108361,1,0,Draft Orders,40863085854917,9/21/2023,First-time
722,5005717962949,107701,1,38.23,Online Store,40863085854917,9/18/2023,First-time
723,4953640698053,96131,1,44.99,Online Store,40863085854917,7/31/2023,First-time
724,4971333746885,100151,1,0,Draft Orders,40863085854917,8/17/2023,First-time
725,4995840377029,105211,1,0,Draft Orders,40863085854917,9/8/2023,First-time
726,4999424901317,106351,1,0,Draft Orders,40863085854917,9/12/2023,Returning
727,4997969150149,105901,1,44.99,Online Store,40863085854917,9/10/2023,First-time
728,4982772269253,102621,1,38.23,Online Store,40863085854917,8/28/2023,First-time
729,4971346624709,100201,1,0,Draft Orders,40863085854917,8/17/2023,First-time
730,4947783418053,95051,1,44.99,Online Store,40863085854917,7/25/2023,First-time
731,4984228053189,102941,1,0,Draft Orders,40863085854917,8/29/2023,First-time
732,4991362203845,104191,1,38.24,Online Store,40863085854917,9/4/2023,First-time
733,4995843489989,105231,1,0,Draft Orders,40863085854917,9/8/2023,First-time
734,4999421427909,106331,1,0,Draft Orders,40863085854917,9/12/2023,First-time
735,4962720022725,97951,1,0,Draft Orders,40863085854917,8/8/2023,First-time
736,5015840719045,108991,1,0,Draft Orders,40863085854917,9/25/2023,First-time
737,5018014810309,109561,2,89.98,Online Store,40863085854917,9/27/2023,First-time
738,4962726609093,97961,1,0,Draft Orders,40863085854917,8/8/2023,First-time
739,4989797269701,103861,1,44.99,Online Store,40863085854917,9/2/2023,First-time
740,4936812658885,92391,1,44.99,Online Store,40863085854917,7/14/2023,First-time
741,4995842244805,105221,1,0,Draft Orders,40863085854917,9/8/2023,First-time
742,4957697278149,97061,1,44.99,Online Store,40863085854917,8/3/2023,Returning
743,4971339120837,100171,1,0,Draft Orders,40863085854917,8/17/2023,First-time
744,4945798561989,94511,1,41.76,Online Store,40863085854917,7/23/2023,First-time
745,4992775913669,104421,1,0,Draft Orders,40863085854917,9/5/2023,First-time
746,4999701233861,106431,1,0,Draft Orders,40863085854917,9/12/2023,First-time
747,4999468089541,106361,1,0,Draft Orders,40863085854917,9/12/2023,First-time
748,4930721743045,91261,1,38.23,Online Store,40863085854917,7/8/2023,First-time
749,4963244605637,98141,1,44.99,Online Store,40863085854917,8/8/2023,First-time
750,5015179460805,108871,1,38.23,Online Store,40863085854917,9/24/2023,First-time
751,4995837722821,105191,1,0,Draft Orders,40863085854917,9/8/2023,First-time
752,4966275055813,98921,1,38.24,Online Store,40863085854917,8/11/2023,First-time
753,4935063306437,92081,2,89.98,Online Store,40863085854917,7/12/2023,First-time
754,4957134454981,96891,1,44.99,Online Store,40863057608901,8/3/2023,Returning
755,4974120042693,100611,1,42.05,Online Store,40863057608901,8/19/2023,First-time
756,4995391455429,105041,1,44.99,Online Store,40863057608901,9/8/2023,First-time
757,4995431661765,105061,1,44.99,Online Store,40863057608901,9/8/2023,First-time
758,4964072423621,98421,1,38.24,Online Store,40863057608901,8/9/2023,First-time
759,4954859995333,96391,1,44.99,Online Store,40863057608901,8/1/2023,First-time
760,4958745231557,97341,1,44.99,Online Store,40863057608901,8/4/2023,Returning
761,5003139317957,107151,1,44.99,Online Store,40863057608901,9/15/2023,First-time
762,4925865066693,90121,1,44.99,Online Store,40863057608901,7/3/2023,Returning
763,4973201096901,100481,1,44.99,Online Store,40863057608901,8/18/2023,Returning
764,4967079346373,99101,1,38.24,Online Store,40863057608901,8/12/2023,First-time
765,4948429832389,95251,1,44.99,Online Store,40863057608901,7/26/2023,First-time
766,5001685565637,106861,1,49.26,Online Store,40863057608901,9/14/2023,First-time
767,5006108786885,107791,1,38.23,Online Store,40863057608901,9/18/2023,First-time
768,4958669373637,97331,1,44.99,Online Store,40863057608901,8/4/2023,First-time
769,4947940737221,95131,1,44.99,Online Store,40863057608901,7/25/2023,First-time
770,4971327520965,100141,1,0,Draft Orders,40863057608901,8/17/2023,First-time
771,4983065706693,102661,1,38.23,Online Store,40863057608901,8/28/2023,First-time
772,4974467776709,100651,1,38.24,Online Store,40863057608901,8/20/2023,First-time
773,4929860862149,91021,1,44.99,Online Store,40863057510597,7/7/2023,First-time
774,4943774712005,93971,1,44.99,Online Store,40863057510597,7/21/2023,First-time
775,4991300403397,104161,1,44.99,Online Store,40863057510597,9/4/2023,First-time
776,5007224406213,107971,1,38.24,Online Store,40863057510597,9/19/2023,First-time
777,5020688482501,110071,1,38.24,Online Store,40863057510597,9/29/2023,First-time
778,4930131067077,91141,1,38.24,Online Store,40863057510597,7/7/2023,First-time
779,4995416162501,105051,1,48.25,Facebook & Instagram,40863057510597,9/8/2023,First-time
780,5004157452485,107281,1,44.99,Online Store,40863057510597,9/16/2023,First-time
781,4967339425989,99181,1,38.24,Online Store,40863057510597,8/13/2023,First-time
782,4999630815429,106401,1,44.99,Online Store,40863057510597,9/12/2023,First-time
783,4999096402117,106221,1,44.99,Online Store,40863057510597,9/11/2023,Returning
784,4980740554949,102171,1,44.99,Online Store,40863057510597,8/26/2023,First-time
785,4984825839813,103121,1,44.99,Online Store,40863057510597,8/29/2023,First-time
786,4970784030917,100051,1,44.99,Online Store,40863057510597,8/16/2023,First-time
787,4957438705861,97011,1,48.81,Online Store,40863057510597,8/3/2023,First-time
788,4994756083909,104821,1,0,Draft Orders,40863057510597,9/7/2023,Returning
789,4931079897285,91341,1,44.99,Online Store,40863057510597,7/9/2023,Returning
790,4970543415493,99941,2,89.98,Online Store,40863057510597,8/16/2023,First-time
791,4962733293765,97971,1,44.99,Online Store,40863057510597,8/8/2023,First-time
792,4984037408965,102861,1,38.23,Online Store,40863057510597,8/29/2023,First-time
793,5013122351301,108511,1,44.99,Online Store,40863057510597,9/22/2023,First-time
794,5005137936581,107611,1,44.99,Online Store,40863057510597,9/17/2023,First-time
795,4954064257221,96241,1,38.24,Online Store,40863057510597,7/31/2023,First-time
796,4966920028357,99041,1,44.99,Online Store,40863057510597,8/12/2023,First-time
797,4938343219397,92761,1,38.24,Online Store,40863057510597,7/15/2023,First-time
798,4956199092421,96651,1,44.99,Online Store,40863057510597,8/2/2023,First-time
799,4958669373637,97331,1,44.99,Online Store,40863057543365,8/4/2023,First-time
800,4954240090309,96271,1,44.99,Online Store,40863057543365,7/31/2023,First-time
801,5002557817029,107071,1,38.24,Online Store,40863057543365,9/15/2023,First-time
802,4939709579461,93081,1,38.24,Online Store,40863057543365,7/17/2023,First-time
803,4983407476933,102751,1,48.86,Facebook & Instagram,40863057543365,8/28/2023,First-time
804,4983407476933,102751,0,0,Facebook & Instagram,40863057543365,8/29/2023,First-time
805,4971620991173,100291,1,38.23,Online Store,40863057543365,8/17/2023,First-time
806,5004439093445,107401,1,38.24,Online Store,40863057543365,9/16/2023,First-time
807,4944692379845,94141,1,38.23,Online Store,40863057543365,7/22/2023,First-time
808,4950233940165,95601,1,44.99,Online Store,40863057543365,7/27/2023,First-time
809,4979255771333,101811,1,38.23,Online Store,40863057543365,8/24/2023,First-time
810,5007321104581,108011,1,38.23,Online Store,40863057543365,9/19/2023,First-time
811,4967897104581,99331,1,44.99,Online Store,40863057543365,8/13/2023,First-time
812,5018837024965,109751,1,44.99,Online Store,40863057543365,9/28/2023,First-time
813,4948771504325,95331,1,44.99,Online Store,40863057543365,7/26/2023,First-time
814,4944835641541,94211,1,44.99,Online Store,40863057543365,7/22/2023,First-time
815,4985996640453,103381,1,38.24,Online Store,40863057543365,8/30/2023,First-time
816,4984209801413,102931,2,89.98,Online Store,40863057543365,8/29/2023,Returning
817,4940005671109,93171,1,38.23,Online Store,40863057543365,7/17/2023,First-time
818,4963189424325,98131,1,44.99,Online Store,40863057543365,8/8/2023,First-time
819,4950051487941,95561,1,44.99,Online Store,40863057543365,7/27/2023,First-time
820,5011244941509,108181,1,44.99,Online Store,40863057543365,9/20/2023,First-time
821,4923949416645,89671,1,44.99,Online Store,40863057543365,7/1/2023,First-time
822,5017342148805,109381,2,89.98,Online Store,40863057543365,9/26/2023,Returning
823,4984186306757,102911,1,44.99,Online Store,40863057543365,8/29/2023,First-time
824,4974467776709,100651,1,38.24,Online Store,40863057543365,8/20/2023,First-time
825,5011738427589,108241,1,44.99,Online Store,40863057543365,9/21/2023,First-time
826,4930571501765,91231,1,44.99,Online Store,40863057543365,7/8/2023,First-time
827,4931060924613,91331,1,44.99,Online Store,40863057543365,7/8/2023,First-time
828,4990149132485,103921,1,38.24,Online Store,40863057543365,9/3/2023,First-time
829,4981061714117,102231,1,44.99,Online Store,40863057543365,8/26/2023,First-time
830,4967339425989,99181,1,38.24,Online Store,40863057543365,8/13/2023,First-time
831,4973201096901,100481,1,44.99,Online Store,40863057543365,8/18/2023,Returning
832,4929201668293,90871,1,44.99,Online Store,40863057543365,7/6/2023,First-time
833,4995391455429,105041,1,44.99,Online Store,40863057543365,9/8/2023,First-time
834,4963656204485,98261,1,44.99,Online Store,40863057543365,8/9/2023,First-time
835,4977218879685,101271,1,44.99,Online Store,40863057543365,8/22/2023,First-time
836,4991070404805,104111,1,44.99,Online Store,40863057543365,9/4/2023,Returning
837,4958500683973,97241,1,38.24,Online Store,40863057543365,8/4/2023,First-time
838,4991070961861,104121,1,38.24,Online Store,40863057543365,9/4/2023,Returning
839,4985577930949,103221,1,44.99,Online Store,40863057543365,8/30/2023,First-time
840,4952884052165,95971,1,44.99,Online Store,40863057543365,7/30/2023,First-time
841,4938320543941,92751,1,38.24,Online Store,40863057543365,7/15/2023,First-time
842,4947535626437,95001,1,38.24,Online Store,40863057543365,7/25/2023,First-time
843,4975853306053,100971,1,44.99,Online Store,40863057543365,8/21/2023,First-time
844,4945175445701,94311,1,44.99,Online Store,40863057543365,7/22/2023,First-time
845,4983654744261,102831,1,44.99,Online Store,40863057543365,8/28/2023,First-time
846,5011105415365,108141,1,38.24,Online Store,40863057543365,9/20/2023,First-time
847,4994725937349,104811,1,38.23,Online Store,40863057543365,9/7/2023,First-time
848,4924699705541,89851,1,38.24,Online Store,40863057543365,7/2/2023,First-time
849,4933526651077,91801,1,44.99,Online Store,40863057543365,7/11/2023,First-time
850,5001952035013,106991,1,44.99,Online Store,40863057543365,9/14/2023,First-time
851,4995627286725,105131,1,44.99,Online Store,40863057543365,9/8/2023,First-time
852,4951145873605,95761,1,38.24,Online Store,40863057543365,7/28/2023,First-time
853,4929260323013,90891,1,44.99,Online Store,40863057543365,7/7/2023,First-time
854,4937656369349,92591,1,44.99,Online Store,40863057543365,7/15/2023,First-time
855,4993312030917,104511,1,44.99,Online Store,40863057543365,9/6/2023,First-time
856,5002079043781,107021,1,44.99,Online Store,40863057543365,9/14/2023,First-time
857,4968983920837,99641,1,38.24,Online Store,40863057543365,8/14/2023,First-time
858,4926227382469,90211,1,44.99,Online Store,40863057543365,7/4/2023,First-time
859,5015462576325,108951,1,38.24,Online Store,40863057543365,9/24/2023,First-time
860,4980338065605,102141,1,38.24,Online Store,40863057543365,8/25/2023,First-time
861,4926761795781,90351,1,38.23,Online Store,40863057543365,7/4/2023,First-time
862,4967677329605,99271,16,3511.2,Draft Orders,41960854388933,8/13/2023,Returning
863,4998529548485,106071,3,1516.2,Draft Orders,41960860811461,9/11/2023,Returning
864,4967677329605,99271,20,239.8,Draft Orders,42193617551557,8/13/2023,Returning
865,4946457231557,94691,2,10.18,Online Store,41134084751557,7/24/2023,First-time
866,4999526973637,106371,1,5.99,Online Store,41134084751557,9/12/2023,First-time
867,4931079897285,91341,1,5.99,Online Store,41134084751557,7/9/2023,Returning
868,4995914137797,105241,1,5.99,Online Store,41134084751557,9/8/2023,First-time
869,4942865793221,93741,3,15.27,Online Store,41134084751557,7/20/2023,First-time
870,4931340206277,91401,1,6.47,Facebook & Instagram,41134084751557,7/9/2023,First-time
871,4931340206277,91401,0,0,Facebook & Instagram,41134084751557,7/10/2023,First-time
872,4961964589253,97871,1,5.99,Online Store,41134084751557,8/7/2023,First-time
873,4948492648645,95271,1,5.09,Online Store,41134084751557,7/26/2023,First-time
874,4924981510341,89931,1,5.99,Online Store,41134084751557,7/2/2023,First-time
875,4975434989765,100861,1,5.99,Online Store,41134084751557,8/21/2023,First-time
876,5006005764293,107761,10,59.9,Online Store,41134084751557,9/18/2023,Returning
877,5021060038853,110141,1,5.99,Online Store,41134084751557,9/30/2023,First-time
878,5007351742661,108041,1,5.1,Online Store,41134084751557,9/19/2023,First-time
879,4938989371589,92921,1,5.99,Online Store,41134084751557,7/16/2023,First-time
880,4928030146757,90611,1,5.99,Online Store,41134084751557,7/5/2023,First-time
881,4999947518149,106481,2,10.19,Online Store,41134084751557,9/12/2023,First-time
882,4939259052229,93001,1,5.99,Online Store,41134084751557,7/16/2023,First-time
883,4984122867909,102881,30,179.7,Online Store,41134084751557,8/29/2023,First-time
884,4980332789957,102121,10,59.9,Online Store,41134084751557,8/25/2023,First-time
885,4991300403397,104161,1,5.99,Online Store,41134084751557,9/4/2023,First-time
886,4939929911493,93151,6,35.94,Online Store,41134084751557,7/17/2023,First-time
887,4971012653253,100091,2,11.98,Online Store,41134084751557,8/16/2023,First-time
888,4948925546693,95351,1,5.09,Online Store,41134084751557,7/26/2023,First-time
889,4954259062981,96281,1,5.99,Online Store,41134084751557,7/31/2023,First-time
890,4980350288069,102161,1,5.99,Online Store,41134084751557,8/25/2023,First-time
891,4965934137541,98841,10,50.91,Online Store,41134084751557,8/11/2023,Returning
892,4941514375365,93491,3,0,Draft Orders,41134084751557,7/19/2023,Returning
893,4948121747653,95181,1,5.99,Online Store,41134084751557,7/25/2023,First-time
894,5001886466245,106951,1,5.99,Online Store,41134084751557,9/14/2023,First-time
895,4990230986949,103981,3,17.97,Online Store,41134084751557,9/3/2023,First-time
896,4986791657669,103421,8,40.73,Online Store,41134084751557,8/31/2023,First-time
897,4932819157189,91721,1,5.09,Online Store,41134084751557,7/10/2023,First-time
898,5021461151941,110291,1,5.99,Online Store,41134084751557,9/30/2023,First-time
899,4979477938373,101881,1,5.99,Online Store,41134084751557,8/25/2023,First-time
900,5014218408133,108751,1,5.99,Online Store,41134084751557,9/23/2023,First-time
901,5016792498373,109171,2,11.98,Online Store,41134084751557,9/26/2023,Returning
902,4985577930949,103221,1,5.99,Online Store,41134084751557,8/30/2023,First-time
903,4966111314117,98861,8,47.92,Online Store,41134084751557,8/11/2023,Returning
904,5012443693253,108431,7,41.93,Online Store,41134084751557,9/21/2023,First-time
905,4939646566597,93071,6,33.6,Online Store,41134084751557,7/17/2023,First-time
906,5017455755461,109411,20,119.8,Online Store,41134084751557,9/26/2023,Returning
907,5005101990085,107581,1,5.99,Online Store,41134084751557,9/17/2023,First-time
908,5013856911557,108651,1,5.99,Online Store,41134084751557,9/23/2023,First-time
909,5017191055557,109331,4,23.96,Online Store,41134084751557,9/26/2023,Returning
910,4965637128389,98741,4,20.36,Online Store,41134084751557,8/11/2023,First-time
911,4929887240389,91031,1,5.99,Online Store,41134084751557,7/7/2023,First-time
912,4984436097221,103031,3,15.28,Online Store,41134084751557,8/29/2023,First-time
913,4978215977157,101611,20,119.8,Online Store,41134084751557,8/23/2023,First-time
914,4975700213957,100931,12,71.88,Online Store,41134084751557,8/21/2023,Returning
915,4958500683973,97241,1,5.09,Online Store,41134084751557,8/4/2023,First-time
916,4957293281477,96951,1,6.48,Facebook & Instagram,41134084751557,8/3/2023,First-time
917,4945186160837,94331,1,5.99,Online Store,41134084751557,7/22/2023,First-time
918,4951360766149,95781,1,5.99,Online Store,41134084751557,7/28/2023,First-time
919,4984187715781,102921,1,5.09,Online Store,41134084751557,8/29/2023,First-time
920,4931596222661,91501,1,5.09,Online Store,41134084751557,7/9/2023,First-time
921,4958352081093,97181,1,5.99,Online Store,41134084751557,8/4/2023,First-time
922,4972996788421,100421,2,11.98,Online Store,41134084751557,8/18/2023,First-time
923,4925714563269,90081,11,65.89,Online Store,41134084751557,7/3/2023,First-time
924,4929559167173,90921,3,17.97,Online Store,41134084751557,7/7/2023,First-time
925,4935534837957,92151,1,5.09,Online Store,41134084751557,7/13/2023,First-time
926,4980343046341,102151,1,5.1,Online Store,41134084751557,8/25/2023,First-time
927,4991249612997,104141,10,59.9,Online Store,41134084751557,9/4/2023,First-time
928,4949342847173,95441,1,5.99,Online Store,41134084751557,7/27/2023,First-time
929,4976688234693,101121,10,50.91,Online Store,41134084751557,8/22/2023,First-time
930,4987100332229,103451,1,5.1,Online Store,41134084751557,8/31/2023,First-time
931,5018472579269,109691,1,5.99,Online Store,41134084751557,9/27/2023,Returning
932,4992447807685,104371,1,5.99,Online Store,41134084751557,9/5/2023,First-time
933,4966432866501,98941,1,5.09,Online Store,41134084751557,8/12/2023,First-time
934,4975882567877,100991,3,19.45,Online Store,41134084751557,8/21/2023,Returning
935,4945675419845,94441,1,5.1,Online Store,41134084751557,7/23/2023,First-time
936,5014713991365,108801,1,5.99,Online Store,41134084751557,9/24/2023,First-time
937,4991886590149,104311,1,5.99,Online Store,41134084751557,9/4/2023,First-time
938,5000215363781,106551,2,10.18,Online Store,41134084751557,9/13/2023,First-time
939,4948102938821,95171,1,5.99,Online Store,41134084751557,7/25/2023,First-time
940,4970564550853,99951,2,11.98,Online Store,41134084751557,8/16/2023,Returning
941,4947445645509,94951,10,59.9,Online Store,41134084751557,7/25/2023,Returning
942,4945703305413,94471,1,5.99,Online Store,41134084751557,7/23/2023,First-time
943,4970748936389,100031,1,5.99,Online Store,41134084751557,8/16/2023,First-time
944,4940550832325,93281,3,17.97,Online Store,41134084751557,7/18/2023,Returning
945,5018210926789,109641,2,0,Draft Orders,41134084751557,9/27/2023,Returning
946,4966924353733,99051,10,59.9,Online Store,41134084751557,8/12/2023,First-time
947,4927718031557,90541,1,5.09,Online Store,41134084751557,7/5/2023,First-time
948,4947165544645,94901,1,5.99,Online Store,41134084751557,7/25/2023,First-time
949,4944719708357,94151,1,5.09,Online Store,41134084751557,7/22/2023,Returning
950,4944252108997,94051,1,5.99,Online Store,41134084751557,7/21/2023,First-time
951,5018924187845,109801,5,29.95,Online Store,41134084751557,9/28/2023,First-time
952,4994836398277,104841,10,65.89,Online Store,41134084751557,9/7/2023,Returning
953,4975765586117,100951,1,5.99,Online Store,41134084751557,8/21/2023,First-time
954,4995207954629,104991,2,11.98,Online Store,41134084751557,9/7/2023,First-time
955,4966920028357,99041,1,5.99,Online Store,41134084751557,8/12/2023,First-time
956,4969358033093,99691,15,76.37,Online Store,41134084751557,8/15/2023,First-time
957,4967170769093,99151,10,59.9,Online Store,41134084751557,8/12/2023,Returning
958,4947936608453,95121,3,17.97,Online Store,41134084751557,7/25/2023,First-time
959,4931367862469,91411,2,11.2,Online Store,41134084751557,7/9/2023,First-time
960,4970320789701,99851,10,59.9,Online Store,41134084751557,8/16/2023,Returning
961,4993782382789,104621,1,5.1,Online Store,41134084751557,9/6/2023,Returning
962,5005224706245,107631,1,5.99,Online Store,41134084751557,9/17/2023,First-time
963,4953235652805,96071,1,5.1,Online Store,41134084751557,7/30/2023,First-time
964,5006369390789,107841,3,17.97,Shop,41134084751557,9/18/2023,Returning
965,4990693048517,104051,1,5.09,Online Store,41134084751557,9/3/2023,First-time
966,4933674664133,91841,1,5.99,Online Store,41134084751557,7/11/2023,First-time
967,4935465304261,92121,1,5.99,Online Store,41134084751557,7/13/2023,First-time
968,4971371069637,100231,5,25.46,Online Store,41134084751557,8/17/2023,First-time
969,4964767596741,98551,10,59.9,Online Store,41134084751557,8/10/2023,First-time
970,4999797080261,106451,2,11.98,Online Store,41134084751557,9/12/2023,Returning
971,4965931122885,98831,1,5.99,Online Store,41134084751557,8/11/2023,Returning
972,4937212723397,92521,1,5.99,Online Store,41134084751557,7/14/2023,First-time
973,4948049166533,95161,1,5.99,Online Store,41134084751557,7/25/2023,First-time
974,5018907050181,109791,1,5.99,Draft Orders,41134084751557,9/28/2023,First-time
975,4985457705157,103191,1,5.62,Online Store,41134084751557,8/30/2023,First-time
976,4931550806213,91481,1,5.09,Online Store,41134084751557,7/9/2023,First-time
977,5001315713221,106741,1,5.99,Online Store,41134084751557,9/14/2023,Returning
978,4966684721349,99001,1,5.09,Online Store,41134084751557,8/12/2023,First-time
979,4927003230405,90441,1,5.99,Online Store,41134084751557,7/4/2023,First-time
980,4981277819077,102281,1,5.99,Online Store,41134084751557,8/26/2023,Returning
981,4926536614085,90271,1,5.1,Online Store,41134084751557,7/4/2023,First-time
982,4966234816709,98901,1,5.1,Online Store,41134084751557,8/11/2023,Returning
983,4946531516613,94701,4,23.96,Online Store,41134084751557,7/24/2023,First-time
984,4945367564485,94381,20,119.8,Online Store,41134084751557,7/23/2023,First-time
985,4945746297029,94481,1,5.99,Online Store,41134084751557,7/23/2023,First-time
986,4961645953221,97791,1,5.99,Online Store,41134084751557,8/7/2023,First-time
987,4966121963717,98871,5,29.95,Online Store,41134084751557,8/11/2023,Returning
988,4978140053701,101571,1,5.1,Online Store,41134084751557,8/23/2023,First-time
989,4966208340165,98891,1,6.48,Facebook & Instagram,41134084751557,8/11/2023,First-time
990,4966208340165,98891,0,0,Facebook & Instagram,41134084751557,8/14/2023,First-time
991,4947091947717,94891,1,5.99,Online Store,41134084751557,7/24/2023,Returning
992,4994574024901,104741,4,20.37,Online Store,41134084751557,9/7/2023,Returning
993,4989537714373,103781,8,47.92,Online Store,41134084751557,9/2/2023,Returning
994,4993414693061,104531,1,6.6,Facebook & Instagram,41134084751557,9/6/2023,First-time
995,4995391455429,105041,2,11.98,Online Store,41134084751557,9/8/2023,First-time
996,4997573509317,105681,2,10.18,Online Store,41134084751557,9/10/2023,First-time
997,4955453587653,96551,1,5.99,Online Store,41134084751557,8/1/2023,First-time
998,4991939412165,104321,1,5.1,Online Store,41134084751557,9/4/2023,First-time
999,4977223794885,101291,8,52.84,Online Store,41134084751557,8/22/2023,Returning
1000,4957189636293,96931,6,35.94,Online Store,41134084751557,8/3/2023,Returning
1001,4962976694469,98071,1,5.99,Online Store,41134084751557,8/8/2023,First-time
1002,4939510841541,93021,1,5.1,Online Store,41134084751557,7/17/2023,First-time
1003,5018350420165,109661,1,5.99,Online Store,41134084751557,9/27/2023,First-time
1004,4949959344325,95551,1,5.99,Online Store,41134084751557,7/27/2023,First-time
1005,5000512438469,106621,1,0,Draft Orders,41134084751557,9/13/2023,Returning
1006,4925292150981,89991,10,59.9,Online Store,41134084751557,7/3/2023,First-time
1007,4982210134213,102531,1,5.1,Online Store,41134084751557,8/27/2023,First-time
1008,4963165667525,98121,1,5.99,Online Store,41134084751557,8/8/2023,First-time
1009,4943331197125,93891,10,50.92,Online Store,41134084751557,7/20/2023,First-time
1010,4984362139845,103001,1,5.99,Online Store,41134084751557,8/29/2023,First-time
1011,4962764521669,97981,1,5.99,Online Store,41134084751557,8/8/2023,First-time
1012,4957688463557,97051,3,17.97,Online Store,41134084751557,8/3/2023,Returning
1013,5012183744709,108341,1,5.99,Online Store,41134084751557,9/21/2023,Returning
1014,4928102367429,90631,1,5.1,Online Store,41134084751557,7/5/2023,Returning
1015,4948034617541,95151,5,25.45,Online Store,41134084751557,7/25/2023,First-time
1016,5005116702917,107601,1,5.1,Online Store,41134084751557,9/17/2023,First-time
1017,5004919308485,107531,1,5.09,Online Store,41134084751557,9/17/2023,First-time
1018,4990104862917,103911,5,29.95,Online Store,41134084751557,9/3/2023,Returning
1019,4968983920837,99641,1,5.09,Online Store,41134084751557,8/14/2023,First-time
1020,4979300696261,101821,4,23.96,Shop,41134084751557,8/24/2023,Returning
1021,4988342304965,103631,1,5.99,Online Store,41134084751557,9/1/2023,First-time
1022,5003238015173,107181,10,66.04,Online Store,41134084751557,9/15/2023,Returning
1023,4953784615109,96151,2,11.98,Online Store,41134084751557,7/31/2023,First-time
1024,4994964160709,104901,1,5.09,Online Store,41134084751557,9/7/2023,First-time
1025,5018393673925,109681,10,59.9,Online Store,41134084751557,9/27/2023,First-time
1026,4975868444869,100981,1,5.99,Online Store,41134084751557,8/21/2023,First-time
1027,4992011337925,104331,10,59.9,Online Store,41134084751557,9/4/2023,Returning
1028,4956503113925,96701,1,5.09,Online Store,41134084751557,8/2/2023,First-time
1029,5003060019397,107131,1,5.1,Online Store,41134084751557,9/15/2023,First-time
1030,4956199092421,96651,4,23.96,Online Store,41134084751557,8/2/2023,First-time
1031,4966556041413,98971,1,5.09,Online Store,41134084751557,8/12/2023,Returning
1032,4968885420229,99601,3,17.97,Online Store,41134084751557,8/14/2023,First-time
1033,4923669053637,89581,1,5.99,Online Store,41134084751557,7/1/2023,First-time
1034,4977755095237,101421,7,41.93,Online Store,41134084751557,8/23/2023,First-time
1035,4963939647685,98361,5,29.95,Online Store,41134084751557,8/9/2023,First-time
1036,4986955858117,103431,12,71.88,Online Store,41134084751557,8/31/2023,Returning
1037,4924635087045,89821,1,5.99,Online Store,41134084751557,7/2/2023,First-time
1038,4946535547077,94711,5,29.95,Online Store,41134084751557,7/24/2023,Returning
1039,4926149722309,90181,1,5.99,Online Store,41134084751557,7/3/2023,First-time
1040,4937769648325,92631,1,5.09,Online Store,41134084751557,7/15/2023,First-time
1041,4990893883589,104091,1,5.99,Online Store,41134084751557,9/3/2023,First-time
1042,4936264286405,92281,1,5.99,Online Store,41134084751557,7/14/2023,First-time
1043,4958555144389,97261,1,5.99,Online Store,41134084751557,8/4/2023,First-time
1044,5017846546629,109511,1,5.61,Online Store,41134084751557,9/27/2023,First-time
1045,4957847814341,97071,5,29.95,Online Store,41134084751557,8/4/2023,Returning
1046,4930471100613,91211,1,5.6,Online Store,41134084751557,7/8/2023,First-time
1047,4991653576901,104271,10,59.9,Online Store,41134084751557,9/4/2023,Returning
1048,4945182556357,94321,1,5.1,Online Store,41134084751557,7/22/2023,First-time
1049,4929860862149,91021,2,11.98,Online Store,41134084751557,7/7/2023,First-time
1050,4990226497733,103951,20,119.8,Online Store,41134084751557,9/3/2023,Returning
1051,4930130706629,91131,1,5.09,Online Store,41134084751557,7/7/2023,First-time
1052,5012180795589,108331,2,11.98,Online Store,41134084751557,9/21/2023,First-time
1053,4980855963845,102191,1,5.99,Online Store,41134084751557,8/26/2023,First-time
1054,5013884600517,108661,1,5.1,Online Store,41134084751557,9/23/2023,Returning
1055,4985757728965,103291,1,5.09,Online Store,41134084751557,8/30/2023,First-time
1056,4982268035269,102551,8,44.81,Online Store,41134084751557,8/27/2023,Returning
1057,4988839690437,103671,1,5.09,Online Store,41134084751557,9/1/2023,First-time
1058,4935063306437,92081,2,11.98,Online Store,41134084751557,7/12/2023,First-time
1059,4958251811013,97131,1,5.99,Online Store,41134084751557,8/4/2023,First-time
1060,4963165241541,98111,2,10.19,Online Store,41134084751557,8/8/2023,First-time
1061,4929981579461,91061,8,47.92,Online Store,41134084751557,7/7/2023,Returning
1062,5012401062085,108411,1,5.09,Online Store,41134084751557,9/21/2023,First-time
1063,4977335959749,101331,1,5.1,Online Store,41134084751557,8/22/2023,First-time
1064,4998413058245,106051,20,119.8,Online Store,41134084751557,9/11/2023,Returning
1065,4937829056709,92641,1,5.99,Online Store,41134084751557,7/15/2023,First-time
1066,4963309846725,98191,2,11.98,Online Store,41134084751557,8/8/2023,First-time
1067,4980978122949,102201,1,5.99,Online Store,41134084751557,8/26/2023,First-time
1068,4984524243141,103061,4,23.96,Online Store,41134084751557,8/29/2023,First-time
1069,4967992066245,99391,1,5.99,Online Store,41134084751557,8/13/2023,First-time
1070,4975613509829,100901,3,19.76,Online Store,41134084751557,8/21/2023,First-time
1071,4964634067141,98521,2,11.98,Online Store,41134084751557,8/10/2023,First-time
1072,4943980724421,94031,20,79.8,Draft Orders,41134084751557,7/21/2023,First-time
1073,4993748205765,104611,1,5.99,Online Store,41134084751557,9/6/2023,Returning
1074,5003108876485,107141,1,0,Draft Orders,41134084751557,9/15/2023,Returning
1075,4935553319109,92161,1,6.52,Facebook & Instagram,41134084751557,7/13/2023,First-time
1076,4995211952325,105001,10,59.9,Online Store,41134084751557,9/7/2023,Returning
1077,4968453210309,99501,1,5.99,Online Store,41134084751557,8/14/2023,First-time
1078,4974848114885,100751,2,11.98,Online Store,41134084751557,8/20/2023,Returning
1079,5005649838277,107661,1,5.1,Online Store,41134084751557,9/18/2023,First-time
1080,4962920431813,98041,3,17.97,Online Store,41134084751557,8/8/2023,First-time
1081,4983607296197,102801,1,5.09,Online Store,41134084751557,8/28/2023,First-time
1082,4970424467653,99901,1,5.99,Online Store,41134084751557,8/16/2023,First-time
1083,5002138157253,107031,1,5.99,Online Store,41134084751557,9/14/2023,First-time
1084,4948964573381,95371,1,5.1,Online Store,41134084751557,7/26/2023,First-time
1085,4942116880581,93621,1,5.99,Online Store,41134084751557,7/19/2023,First-time
1086,4981934424261,102431,1,5.99,Online Store,41134084751557,8/27/2023,First-time
1087,4960733331653,97611,1,5.09,Online Store,41134084751557,8/6/2023,First-time
1088,5017738772677,109451,1,5.99,Online Store,41134084751557,9/27/2023,First-time
1089,4963244671173,98151,2,11.98,Online Store,41134084751557,8/8/2023,First-time
1090,4944662823109,94131,2,11.98,Online Store,41134084751557,7/22/2023,First-time
1091,4997895782597,105851,1,5.09,Online Store,41134084751557,9/10/2023,First-time
1092,4989353722053,103771,1,6.48,Facebook & Instagram,41134084751557,9/2/2023,First-time
1093,4989353722053,103771,0,0,Facebook & Instagram,41134084751557,9/5/2023,First-time
1094,4977159176389,101251,4,23.96,Online Store,41134084751557,8/22/2023,Returning
1095,5004181602501,107291,1,5.99,Online Store,41134084751557,9/16/2023,First-time
1096,4963814179013,98301,1,5.99,Online Store,41134084751557,8/9/2023,First-time
1097,4967957463237,99371,4,20.36,Online Store,41134084751557,8/13/2023,First-time
1098,5017342148805,109381,1,5.99,Online Store,41134084751557,9/26/2023,Returning
1099,4928724074693,90771,2,10.18,Online Store,41134084751557,7/6/2023,First-time
1100,4995150020805,104981,1,5.99,Online Store,41134084751557,9/7/2023,Returning
1101,4995584655557,105121,1,5.99,Online Store,41134084751557,9/8/2023,First-time
1102,4947703431365,95021,10,59.9,Online Store,41134084751557,7/25/2023,Returning
1103,5004789547205,107491,1,127.49,Online Store,42355939639493,9/17/2023,First-time
1104,5020292186309,110001,1,127.49,Online Store,42355939639493,9/29/2023,First-time
1105,5005925253317,107741,1,149.99,Online Store,42355939639493,9/18/2023,First-time
1106,5003060019397,107131,1,127.48,Online Store,42355939639493,9/15/2023,First-time
1107,5018924187845,109801,1,149.99,Online Store,42355939639493,9/28/2023,First-time
1108,4939763450053,93091,1,163.19,Facebook & Instagram,41236833632453,7/17/2023,First-time
1109,4966674759877,98991,1,149.99,Online Store,41236833632453,8/12/2023,First-time
1110,4959361040581,97381,1,127.49,Online Store,41236833632453,8/5/2023,First-time
1111,4930206499013,91151,1,149.99,Online Store,41236833632453,7/7/2023,First-time
1112,4925460185285,90031,1,149.99,Online Store,41236833632453,7/3/2023,Returning
1113,4949072838853,95411,1,127.48,Online Store,41236833632453,7/26/2023,First-time
1114,4978917966021,101741,1,0,Draft Orders,41236833632453,8/24/2023,Returning
1115,4946067226821,94631,1,149.99,Online Store,41236833632453,7/23/2023,First-time
1116,4943820587205,93991,1,149.99,Online Store,41236833632453,7/21/2023,First-time
1117,5000066236613,106521,1,99.99,Draft Orders,41236833632453,9/12/2023,First-time
1118,4928748454085,90781,1,149.99,Online Store,41236833632453,7/6/2023,First-time
1119,4953892585669,96181,1,127.49,Online Store,41236833632453,7/31/2023,First-time
1120,4980129628357,102041,1,127.49,Online Store,41236833632453,8/25/2023,First-time
1121,4926596907205,90311,1,161.61,Facebook & Instagram,41236833632453,7/4/2023,First-time
1122,4926596907205,90311,0,0,Facebook & Instagram,41236833632453,7/5/2023,First-time
1123,4967957463237,99371,1,127.49,Online Store,41236833632453,8/13/2023,First-time
1124,4994946433221,104881,1,149.99,Online Store,41236833632453,9/7/2023,First-time
1125,4923892957381,89641,1,149.99,Online Store,41236833632453,7/1/2023,First-time
1126,4963165241541,98111,1,127.48,Online Store,41236833632453,8/8/2023,First-time
1127,4966430113989,98931,1,149.99,Online Store,41236833632453,8/12/2023,Returning
1128,4935510556869,92141,1,149.99,Online Store,41236833632453,7/13/2023,First-time
1129,4937747792069,92621,1,149.99,Online Store,41236833632453,7/15/2023,Returning
1130,4988078555333,103591,1,127.49,Online Store,41236833632453,9/1/2023,First-time
1131,4951022338245,95731,2,299.98,Online Store,41236833632453,7/28/2023,First-time
1132,4930030403781,91101,1,149.99,Online Store,41236833632453,7/7/2023,First-time
1133,4983108174021,102671,1,127.49,Online Store,41236833632453,8/28/2023,First-time
1134,4967003750597,99071,1,149.99,Online Store,41236833632453,8/12/2023,First-time
1135,4997751898309,105791,1,149.99,Online Store,41236833632453,9/10/2023,Returning
1136,4956907831493,96791,1,127.49,Online Store,41236833632453,8/3/2023,First-time
1137,4925880139973,90131,1,133.64,Online Store,41236833632453,7/3/2023,First-time
1138,4969311731909,99681,1,149.99,Online Store,41236833632453,8/15/2023,First-time
1139,4923878965445,89631,1,133.93,Online Store,41236833632453,7/1/2023,Returning
1140,4993030357189,104471,1,127.49,Online Store,41236833632453,9/5/2023,First-time
1141,4985481134277,103201,1,149.99,Online Store,41236833632453,8/30/2023,Returning
1142,4925392912581,90011,1,127.49,Online Store,41236833632453,7/3/2023,First-time
1143,4931741450437,91541,0,0,Facebook & Instagram,41236833632453,7/10/2023,Returning
1144,4931741450437,91541,1,162.89,Facebook & Instagram,41236833632453,7/9/2023,Returning
1145,4999531626693,106381,1,149.99,Online Store,41236833632453,9/12/2023,First-time
1146,4983707205829,102851,1,149.99,Online Store,41236833632453,8/29/2023,First-time
1147,4991086559429,104131,1,149.99,Online Store,41236833632453,9/4/2023,First-time
1148,4947711164613,95031,1,149.99,Online Store,41236833632453,7/25/2023,First-time
1149,4925106487493,89961,1,127.49,Online Store,41236833632453,7/2/2023,First-time
1150,4933877858501,91921,1,127.49,Online Store,41236833697989,7/11/2023,First-time
1151,4937518284997,92571,1,149.99,Online Store,41236833697989,7/15/2023,Returning
1152,4937518284997,92571,-1,-149.99,Online Store,41236833697989,7/21/2023,Returning
1153,4941131382981,93391,1,149.99,Online Store,41236833697989,7/18/2023,First-time
1154,4925144465605,89971,1,149.99,Online Store,41236833697989,7/2/2023,First-time
1155,4929590427845,90941,1,149.99,Online Store,41236833697989,7/7/2023,First-time
1156,4970748936389,100031,1,149.99,Online Store,41236833697989,8/16/2023,First-time
1157,4977312923845,101311,1,149.99,Online Store,41236833697989,8/22/2023,Returning
1158,4960098255045,97481,1,149.99,Online Store,41236833697989,8/6/2023,First-time
1159,4995584655557,105121,1,149.99,Online Store,41236833697989,9/8/2023,First-time
1160,4965209342149,98651,1,149.99,Online Store,41236833697989,8/10/2023,First-time
1161,5020088697029,109971,1,199.99,Online Store,42356032078021,9/29/2023,Returning
1162,5016891916485,109211,2,254.98,Online Store,42355939508421,9/26/2023,First-time
1163,4980996178117,102211,1,127.49,Online Store,41236833501381,8/26/2023,First-time
1164,4946061754565,94621,1,127.49,Online Store,41236833501381,7/23/2023,Returning
1165,5000911028421,106711,1,149.99,Shop,41236833501381,9/13/2023,Returning
1166,4988273885381,103621,1,127.49,Online Store,41236833501381,9/1/2023,First-time
1167,4923397931205,89501,1,149.99,Online Store,41236833501381,7/1/2023,First-time
1168,4965441110213,98711,1,149.99,Online Store,41236833501381,8/11/2023,Returning
1169,4932734550213,91691,1,127.48,Online Store,41236833501381,7/10/2023,First-time
1170,4965820891333,98791,1,127.49,Online Store,41236833501381,8/11/2023,First-time
1171,4970867654853,100061,0,0,Facebook & Instagram,41236833501381,8/17/2023,First-time
1172,4970867654853,100061,1,159.93,Facebook & Instagram,41236833501381,8/16/2023,First-time
1173,4977979261125,101511,0,0,Facebook & Instagram,41236833501381,8/24/2023,Returning
1174,4977979261125,101511,1,163.3,Facebook & Instagram,41236833501381,8/23/2023,Returning
1175,4966854951109,99021,1,138.71,Facebook & Instagram,41236833501381,8/12/2023,First-time
1176,4966854951109,99021,0,0,Facebook & Instagram,41236833501381,8/14/2023,First-time
1177,4958965432517,97371,1,127.49,Online Store,41236833501381,8/5/2023,First-time
1178,5000766816453,106701,1,127.49,Online Store,41236833501381,9/13/2023,First-time
1179,4961873297605,97831,1,163.3,Facebook & Instagram,41236833501381,8/7/2023,First-time
1180,4961873297605,97831,0,0,Facebook & Instagram,41236833501381,8/8/2023,First-time
1181,4998940491973,106181,1,127.49,Online Store,41236833501381,9/11/2023,Returning
1182,4979166380229,101761,1,127.49,Online Store,41236833501381,8/24/2023,First-time
1183,4937890201797,92661,1,149.99,Online Store,41236833501381,7/15/2023,First-time
1184,4987749892293,103571,1,127.49,Online Store,41236833501381,9/1/2023,First-time
1185,4953762988229,96141,1,149.99,Online Store,41236833501381,7/31/2023,First-time
1186,4923602075845,89571,1,127.49,Online Store,41236833501381,7/1/2023,First-time
1187,4955854962885,96601,1,149.99,Online Store,41236833501381,8/2/2023,First-time
1188,4980332789957,102121,1,149.99,Online Store,41236833501381,8/25/2023,First-time
1189,4959412748485,97401,1,127.49,Online Store,41236833501381,8/5/2023,First-time
1190,4947505578181,94981,1,127.49,Online Store,41236833501381,7/25/2023,First-time
1191,4924914663621,89901,1,127.49,Online Store,41236833501381,7/2/2023,First-time
1192,4937958195397,92691,2,254.98,Online Store,41236833501381,7/15/2023,First-time
1193,4947091947717,94891,1,149.99,Online Store,41236833501381,7/24/2023,Returning
1194,4942981628101,93781,1,149.99,Online Store,41236833501381,7/20/2023,First-time
1195,4932553441477,91631,1,149.99,Online Store,41236833501381,7/10/2023,First-time
1196,4927850741957,90561,1,149.99,Online Store,41236833501381,7/5/2023,First-time
1197,4950081110213,95571,1,127.48,Online Store,41236833501381,7/27/2023,First-time
1198,4965508710597,98731,1,149.99,Online Store,41236833501381,8/11/2023,Returning
1199,5001380561093,106801,1,149.99,Online Store,41236833501381,9/14/2023,Returning
1200,4924516368581,89791,1,133.64,Online Store,41236833501381,7/2/2023,Returning
1201,4997481103557,105651,1,127.49,Online Store,41236833501381,9/10/2023,First-time
1202,4929567490245,90931,1,127.49,Online Store,41236833501381,7/7/2023,First-time
1203,4977142694085,101241,1,149.99,Online Store,41236833501381,8/22/2023,First-time
1204,4999947518149,106481,1,127.48,Online Store,41236833501381,9/12/2023,First-time
1205,4928598573253,90731,1,0,Draft Orders,41236833501381,7/6/2023,Returning
1206,4991846514885,104291,1,127.49,Online Store,41236833501381,9/4/2023,First-time
1207,5001352872133,106781,1,127.48,Online Store,41236833501381,9/14/2023,First-time
1208,4946906677445,94811,2,299.98,Online Store,41236833501381,7/24/2023,First-time
1209,4926288593093,90221,1,149.99,Online Store,41236833501381,7/4/2023,First-time
1210,4931550806213,91481,1,127.49,Online Store,41236833501381,7/9/2023,First-time
1211,4960960544965,97651,1,127.49,Online Store,41236833501381,8/6/2023,First-time
1212,4978850201797,101721,1,127.49,Online Store,41236833501381,8/24/2023,First-time
1213,4932683956421,91671,1,149.99,Online Store,41236833501381,7/10/2023,First-time
1214,4975112618181,100821,1,149.99,Online Store,41236833501381,8/21/2023,First-time
1215,4940550832325,93281,1,149.99,Online Store,41236833501381,7/18/2023,Returning
1216,4981438644421,102331,1,149.99,Online Store,41236833501381,8/26/2023,Returning
1217,4929853685957,91011,2,299.98,Online Store,41236833501381,7/7/2023,First-time
1218,4946961170629,94831,1,149.99,Online Store,41236833501381,7/24/2023,Returning
1219,4944450879685,94091,1,149.99,Online Store,41236833501381,7/21/2023,First-time
1220,4929212481733,90881,2,254.98,Online Store,41236833501381,7/6/2023,First-time
1221,4999244480709,106251,1,127.49,Online Store,41236833501381,9/12/2023,First-time
1222,4942055932101,93571,1,127.49,Online Store,41236833501381,7/19/2023,First-time
1223,4974627422405,100731,1,149.99,Online Store,41236833501381,8/20/2023,Returning
1224,4977359749317,101361,1,127.49,Online Store,41236833501381,8/22/2023,Returning
1225,5000066236613,106521,1,99.99,Draft Orders,41236833501381,9/12/2023,First-time
1226,4983546511557,102791,1,127.49,Online Store,41236833501381,8/28/2023,First-time
1227,4939147608261,92971,0,0,Facebook & Instagram,41236833501381,7/17/2023,First-time
1228,4939147608261,92971,1,161.24,Facebook & Instagram,41236833501381,7/16/2023,First-time
1229,4946457231557,94691,1,127.49,Online Store,41236833501381,7/24/2023,First-time
1230,4963888431301,98321,1,149.99,Online Store,41236833501381,8/9/2023,First-time
1231,4989717676229,103841,1,127.49,Online Store,41236833501381,9/2/2023,Returning
1232,4998899269829,106161,1,149.99,Online Store,41236833501381,9/11/2023,First-time
1233,4993094615237,104481,1,149.99,Online Store,41236833501381,9/5/2023,Returning
1234,4928214237381,90641,1,127.49,Online Store,41236833501381,7/5/2023,First-time
1235,4987415363781,103541,1,149.99,Online Store,41236833501381,8/31/2023,First-time
1236,4941846905029,93511,1,149.99,Online Store,41236833501381,7/19/2023,First-time
1237,4975929688261,101011,1,127.49,Online Store,41236833501381,8/21/2023,First-time
1238,4924025602245,89691,1,149.99,Online Store,41236833501381,7/1/2023,First-time
1239,4945367564485,94381,1,149.99,Online Store,41236833501381,7/23/2023,First-time
1240,4995053945029,104961,1,127.49,Online Store,41236833501381,9/7/2023,First-time
1241,4977195811013,101261,1,127.49,Online Store,41236833501381,8/22/2023,First-time
1242,4930932080837,91291,1,127.49,Online Store,41236833501381,7/8/2023,First-time
1243,4979300696261,101821,1,149.99,Shop,41236833501381,8/24/2023,Returning
1244,4989875814597,103891,1,127.49,Online Store,41236833501381,9/2/2023,First-time
1245,4953950355653,96211,1,149.99,Online Store,41236833501381,7/31/2023,First-time
1246,4960312426693,97521,1,149.99,Online Store,41236833501381,8/6/2023,First-time
1247,4975700213957,100931,1,149.99,Online Store,41236833501381,8/21/2023,Returning
1248,4961600635077,97771,1,127.49,Online Store,41236833501381,8/7/2023,First-time
1249,4977991549125,101521,2,299.98,Online Store,41236833501381,8/23/2023,First-time
1250,4956696969413,96751,1,163.68,Facebook & Instagram,41236833501381,8/3/2023,First-time
1251,4999307264197,106291,1,149.99,Shop,41236833501381,9/12/2023,Returning
1252,4935464681669,92111,1,149.99,Online Store,41236833501381,7/13/2023,Returning
1253,4994964160709,104901,1,127.49,Online Store,41236833501381,9/7/2023,First-time
1254,4998036979909,105961,1,127.49,Online Store,42347044143301,9/10/2023,First-time
1255,4943258484933,93851,1,149.99,Online Store,41236833566917,7/20/2023,First-time
1256,4968760574149,99561,1,127.49,Online Store,41236833566917,8/14/2023,First-time
1257,4943705604293,93951,1,149.99,Online Store,41236833566917,7/21/2023,Returning
1258,4925680648389,90071,1,149.99,Online Store,41236833566917,7/3/2023,First-time
1259,4977284612293,101301,1,127.48,Online Store,41236833566917,8/22/2023,First-time
1260,4978843844805,101711,1,127.49,Online Store,41236833566917,8/24/2023,First-time
1261,4947491094725,94971,1,149.99,Online Store,41236833566917,7/25/2023,First-time
1262,4943897231557,94021,1,127.49,Online Store,41236833566917,7/21/2023,Returning
1263,4937518284997,92571,-1,-149.99,Online Store,41236833566917,7/21/2023,Returning
1264,4937518284997,92571,1,149.99,Online Store,41236833566917,7/15/2023,Returning
1265,4924742860997,89861,1,133.64,Online Store,41236833566917,7/2/2023,First-time
1266,4949614002373,95481,1,127.49,Online Store,41236833566917,7/27/2023,First-time
1267,4953606521029,96121,1,159.74,Facebook & Instagram,41236833566917,7/31/2023,First-time
1268,4937984311493,92711,1,149.99,Online Store,41236833566917,7/15/2023,First-time
1269,4998491340997,106061,1,149.99,Online Store,41236833566917,9/11/2023,First-time
1270,4968784658629,99571,1,149.99,Online Store,41236833566917,8/14/2023,First-time
1271,5021551132869,110311,1,149.99,Online Store,42355939541189,9/30/2023,Returning
1272,4935553319109,92161,1,163.3,Facebook & Instagram,41236833665221,7/13/2023,First-time
1273,4927850741957,90561,1,149.99,Online Store,41236833665221,7/5/2023,First-time
1274,4931562700997,91491,1,127.49,Online Store,41236833665221,7/9/2023,First-time
1275,4958550032581,97251,1,127.49,Online Store,41236833665221,8/4/2023,First-time
1276,4992485818565,104381,1,127.49,Online Store,41236833665221,9/5/2023,First-time
1277,4940550832325,93281,1,149.99,Online Store,41236833665221,7/18/2023,Returning
1278,4965931122885,98831,1,149.99,Online Store,41236833599685,8/11/2023,Returning
1279,4967754006725,99291,1,127.49,Online Store,41236833599685,8/13/2023,First-time
1280,4923181236421,89471,1,149.99,Online Store,41236833599685,7/1/2023,Returning
1281,4957041164485,96851,1,149.99,Online Store,41236833599685,8/3/2023,First-time
1282,4944467361989,94101,1,127.49,Online Store,41236833599685,7/21/2023,First-time
1283,4959501746373,97431,1,127.49,Online Store,41236833599685,8/5/2023,First-time
1284,4984726847685,103081,1,127.49,Online Store,41236833599685,8/29/2023,First-time
1285,5018472579269,109691,-1,-149.99,Online Store,42355939737797,9/28/2023,Returning
1286,5018472579269,109691,1,149.99,Online Store,42355939737797,9/27/2023,Returning
1287,5000066236613,106521,1,99.99,Draft Orders,41236833534149,9/12/2023,First-time
1288,4985096732869,103131,1,127.49,Online Store,41236833534149,8/30/2023,First-time
1289,4926148837573,90171,1,127.49,Online Store,41236833534149,7/3/2023,First-time
1290,4939040293061,92941,1,149.99,Online Store,41236833534149,7/16/2023,First-time
1291,4944349626565,94081,1,165.35,Online Store,41236833534149,7/21/2023,Returning
1292,4996818501829,105491,1,149.99,Online Store,41236833534149,9/9/2023,Returning
1293,4969707995333,99771,1,160.86,Facebook & Instagram,41236833534149,8/15/2023,First-time
1294,4969567944901,99731,1,149.99,Online Store,41236833534149,8/15/2023,First-time
1295,4940113576133,93181,1,127.49,Online Store,41236833534149,7/17/2023,First-time
1296,4995391455429,105041,1,149.99,Online Store,41236833534149,9/8/2023,First-time
1297,4932940431557,91741,1,127.49,Online Store,41236833534149,7/10/2023,First-time
1298,4958276321477,97161,1,127.49,Online Store,41236833534149,8/4/2023,Returning
1299,4977814470853,101451,1,149.99,Online Store,41236833534149,8/23/2023,First-time
1300,4959793840325,97451,2,281.12,Online Store,41236833534149,8/5/2023,Returning
1301,4931478618309,91441,1,127.49,Online Store,41236833534149,7/9/2023,First-time
1302,4978843844805,101711,1,127.48,Online Store,41236833534149,8/24/2023,First-time
1303,4988865020101,103681,2,330.73,Online Store,41236833534149,9/1/2023,Returning
1304,4937518284997,92571,-1,-149.99,Online Store,41236833534149,7/21/2023,Returning
1305,4937518284997,92571,1,149.99,Online Store,41236833534149,7/15/2023,Returning
1306,4941258916037,93441,1,127.49,Online Store,41236833534149,7/19/2023,First-time
1307,5015090200773,108851,1,127.49,Online Store,42355939475653,9/24/2023,First-time
1308,5012045988037,108321,2,299.98,Online Store,42355939475653,9/21/2023,Returning
1309,5006421000389,107851,1,127.49,Online Store,42355939475653,9/18/2023,First-time
1310,5006120616133,107801,1,127.49,Online Store,42355939475653,9/18/2023,First-time
1311,5007351742661,108041,2,254.97,Online Store,42355939475653,9/19/2023,First-time
1312,5006465990853,107871,1,127.49,Online Store,42355939475653,9/19/2023,First-time
1313,5007073444037,107951,1,127.49,Online Store,42355939475653,9/19/2023,First-time
1314,5014950838469,108831,2,280.48,Online Store,42355939475653,9/24/2023,First-time
1315,5018143686853,109611,1,127.49,Online Store,42355939475653,9/27/2023,First-time
1316,5004777521349,107481,1,149.99,Online Store,42355939475653,9/17/2023,Returning
1317,5021107781829,110161,1,149.99,Online Store,42355939475653,9/30/2023,First-time
1318,5017315180741,109361,1,127.49,Online Store,42355939475653,9/26/2023,First-time
1319,5012240826565,108351,1,127.49,Online Store,42355939475653,9/21/2023,First-time
1320,5013145583813,108531,1,127.49,Online Store,42355939475653,9/22/2023,First-time
1321,5020517073093,110011,1,127.49,Online Store,42355939672261,9/29/2023,Returning
1322,5020063367365,109951,1,127.49,Online Store,42355939672261,9/29/2023,First-time
1323,5017738772677,109451,1,149.99,Online Store,42355939672261,9/27/2023,First-time
1324,5015163830469,108861,2,339.98,Online Store,42356032110789,9/24/2023,Returning
1325,4860892872901,78741,-1,-127.5,Online Store,41236833632453,8/14/2023,First-time
1326,5005339099333,107651,1,127.49,Online Store,42355939705029,9/17/2023,First-time
1327,5018472579269,109691,1,149.99,Online Store,42355939705029,9/28/2023,Returning
1328,5015852253381,109011,1,127.49,Online Store,42355939705029,9/25/2023,First-time
1329,5020233892037,109991,1,149.99,Online Store,42355939705029,9/29/2023,Returning
1330,4953784615109,96151,1,2.99,Online Store,42263813685445,7/31/2023,First-time
1331,4932653842629,91661,1,2.99,Online Store,42263813685445,7/10/2023,Returning
1332,4999526973637,106371,1,2.99,Online Store,42263813685445,9/12/2023,First-time
1333,5016514592965,109121,1,2.54,Online Store,42263813685445,9/25/2023,First-time
1334,5014069149893,108701,1,2.99,Online Store,42263813685445,9/23/2023,Returning
1335,4940700745925,93321,1,2.99,Online Store,42263813685445,7/18/2023,First-time
1336,4943258484933,93851,1,2.99,Online Store,42263813685445,7/20/2023,First-time
1337,4962969157829,98061,1,2.99,Online Store,42263813685445,8/8/2023,First-time
1338,5015181164741,108881,1,3.3,Online Store,42263813685445,9/24/2023,First-time
1339,4995002761413,104931,1,2.99,Online Store,42263813685445,9/7/2023,First-time
1340,5016402755781,109101,1,2.55,Online Store,42263813685445,9/25/2023,First-time
1341,4944692379845,94141,1,2.55,Online Store,42263813685445,7/22/2023,First-time
1342,5005756334277,107711,1,3.17,Facebook & Instagram,41339628650693,9/18/2023,First-time
1343,4999526973637,106371,1,2.99,Online Store,41339628650693,9/12/2023,First-time
1344,4937833251013,92651,1,3.2,Facebook & Instagram,41339628650693,7/15/2023,First-time
1345,4937833251013,92651,0,0,Facebook & Instagram,41339628650693,7/17/2023,First-time
1346,4984186306757,102911,1,2.99,Online Store,41339628650693,8/29/2023,First-time
1347,4928517701829,90671,1,2.99,Online Store,41339628650693,7/6/2023,First-time
1348,4954808778949,96371,1,2.55,Online Store,41339628650693,8/1/2023,First-time
1349,4960219922629,97501,1,2.99,Online Store,41339628650693,8/6/2023,First-time
1350,4949429256389,95471,1,0,Draft Orders,41339628650693,7/27/2023,Returning
1351,4968453210309,99501,1,2.99,Online Store,41339628650693,8/14/2023,First-time
1352,4980088111301,102031,1,2.54,Online Store,41339628650693,8/25/2023,First-time
1353,4945798561989,94511,1,2.79,Online Store,41339628650693,7/23/2023,First-time
1354,4981138620613,102251,1,2.54,Online Store,41339628650693,8/26/2023,Returning
1355,4939879841989,93131,1,2.99,Online Store,41339628650693,7/17/2023,First-time
1356,4990483628229,104031,1,2.99,Online Store,41339628650693,9/3/2023,First-time
1357,5021687644357,110351,1,2.99,Online Store,41339628617925,9/30/2023,First-time
1358,4937833251013,92651,0,0,Facebook & Instagram,41339628617925,7/17/2023,First-time
1359,4937833251013,92651,1,3.2,Facebook & Instagram,41339628617925,7/15/2023,First-time
1360,4940260245701,93221,1,2.99,Online Store,41339628617925,7/17/2023,First-time
1361,5011772997829,108271,1,2.99,Online Store,41339628617925,9/21/2023,First-time
1362,5020517073093,110011,10,25.41,Online Store,41339628617925,9/29/2023,Returning
1363,4931306881221,91371,1,2.99,Online Store,41339628617925,7/9/2023,First-time
1364,4945186160837,94331,1,2.99,Online Store,41339628617925,7/22/2023,First-time
1365,4999526973637,106371,1,2.99,Online Store,41339628617925,9/12/2023,First-time
1366,4944850288837,94221,1,3.24,Facebook & Instagram,41339628617925,7/22/2023,First-time
1367,4944850288837,94221,0,0,Facebook & Instagram,41339628617925,7/24/2023,First-time
1368,4926844633285,90381,1,2.99,Online Store,41339628617925,7/4/2023,First-time
1369,4990382309573,104011,1,2.99,Online Store,41339628617925,9/3/2023,First-time
1370,4997732597957,105781,1,2.99,Online Store,41339628617925,9/10/2023,Returning
1371,4944850288837,94221,1,3.24,Facebook & Instagram,41339636875461,7/22/2023,First-time
1372,4944850288837,94221,0,0,Facebook & Instagram,41339636875461,7/24/2023,First-time
1373,4990382309573,104011,1,2.99,Online Store,41339636875461,9/3/2023,First-time
1374,4998813155525,106141,1,2.99,Online Store,41339636875461,9/11/2023,Returning
1375,4966208340165,98891,2,6.47,Facebook & Instagram,41339636875461,8/11/2023,First-time
1376,4966208340165,98891,0,0,Facebook & Instagram,41339636875461,8/14/2023,First-time
1377,4937212723397,92521,1,2.99,Online Store,41339636875461,7/14/2023,First-time
1378,4961358414021,97681,1,2.54,Online Store,41339636875461,8/7/2023,First-time
1379,4980239990981,102091,1,49.99,Draft Orders,42181493031109,8/25/2023,First-time
1380,4980239990981,102091,-1,-49.99,Draft Orders,42181493031109,8/25/2023,First-time
1381,4989681172677,103831,1,49.99,Online Store,42181493031109,9/2/2023,First-time
1382,4999678132421,106421,1,0,Draft Orders,42181493031109,9/12/2023,Returning
1383,4979477938373,101881,1,49.99,Online Store,42181493031109,8/25/2023,First-time
1384,4974401290437,100621,1,42.49,Online Store,42181493031109,8/20/2023,First-time
1385,5000066236613,106521,1,49.99,Draft Orders,42181493031109,9/12/2023,First-time
1386,4999068614853,106211,1,42.5,Online Store,42181493031109,9/11/2023,First-time
1387,4969486876869,99711,1,49.99,Online Store,42181493031109,8/15/2023,First-time
1388,4993656160453,104591,1,0,Draft Orders,42181493031109,9/6/2023,Returning
1389,5002817634501,107121,1,49.99,Online Store,42181493031109,9/15/2023,First-time
1390,4976928489669,101181,1,25,Draft Orders,42181493031109,8/22/2023,First-time
1391,4998392774853,106041,1,0,Draft Orders,42181493031109,9/11/2023,First-time
1392,4964489887941,98481,1,49.99,Online Store,42181493031109,8/10/2023,First-time
1393,4960404799685,97541,1,49.99,Online Store,42181493031109,8/6/2023,First-time
1394,4945899421893,94551,1,49.99,Online Store,42181493031109,7/23/2023,First-time
1395,5005786939589,107721,1,0,Draft Orders,42181493031109,9/18/2023,First-time
1396,5003303026885,107191,2,99.98,Online Store,42181493031109,9/15/2023,First-time
1397,4933511282885,91791,1,42.49,Online Store,42181493031109,7/11/2023,First-time
1398,4968901836997,99621,0,0,Facebook & Instagram,42181493031109,8/15/2023,First-time
1399,4968901836997,99621,1,53.49,Facebook & Instagram,42181493031109,8/14/2023,First-time
1400,4953784615109,96151,1,49.99,Online Store,42181493031109,7/31/2023,First-time
1401,4995790438597,105161,1,0,Draft Orders,42181493031109,9/8/2023,First-time
1402,5005224706245,107631,1,49.99,Online Store,42181493031109,9/17/2023,First-time
1403,4976709107909,101131,1,42.49,Online Store,42181493031109,8/22/2023,First-time
1404,4934911525061,92061,1,49.99,Online Store,42181493031109,7/12/2023,First-time
1405,4944662823109,94131,1,49.99,Online Store,42181493031109,7/22/2023,First-time
1406,4962873540805,98031,1,49.99,Online Store,42181493031109,8/8/2023,First-time
1407,4969738993861,99781,1,0,Draft Orders,42181493031109,8/15/2023,First-time
1408,4992813924549,104431,1,0,Draft Orders,42181493031109,9/5/2023,Returning
1409,4949791047877,95501,1,49.99,Online Store,42181493031109,7/27/2023,First-time
1410,4980855963845,102191,1,49.99,Online Store,42181493031109,8/26/2023,First-time
1411,4948492648645,95271,1,42.49,Online Store,42181493031109,7/26/2023,First-time
1412,4980244578501,102101,1,0,Draft Orders,42181493031109,8/25/2023,Returning
1413,4947278627013,94911,1,42.49,Online Store,42181493031109,7/25/2023,First-time
1414,4999701233861,106431,1,0,Draft Orders,42181493031109,9/12/2023,First-time
1415,4958488101061,97231,1,49.99,Online Store,42181493031109,8/4/2023,First-time
1416,4933605359813,91811,1,42.49,Online Store,42181493031109,7/11/2023,First-time
1417,4961377550533,97691,1,25,Draft Orders,42181493031109,8/7/2023,First-time
1418,4993518829765,104561,1,0,Draft Orders,42181493031109,9/6/2023,First-time
1419,4928937754821,90801,1,49.99,Online Store,42181493031109,7/6/2023,Returning
1420,4929117683909,90841,1,42.48,Online Store,42181493031109,7/6/2023,First-time
1421,5006935720133,107921,1,0,Draft Orders,42181493031109,9/19/2023,First-time
1422,4984037408965,102861,1,42.49,Online Store,42181493031109,8/29/2023,First-time
1423,4978072682693,101551,1,0,Draft Orders,42181493031109,8/23/2023,Returning
1424,5021081927877,110151,1,49.99,Online Store,42181493031109,9/30/2023,First-time
1425,4927612092613,90511,1,0,Draft Orders,42181493031109,7/5/2023,Returning
1426,5019399094469,109881,2,84.98,Online Store,42181493031109,9/28/2023,First-time
1427,4936803287237,92381,1,49.99,Online Store,42181493031109,7/14/2023,First-time
1428,4963861070021,98311,1,0,Draft Orders,42181493031109,8/9/2023,First-time
1429,4952294785221,95911,1,42.49,Online Store,42181493031109,7/29/2023,First-time
1430,4999307264197,106291,1,0,Shop,42181493031109,9/12/2023,Returning
1431,4940830376133,93341,1,0,Draft Orders,42181493031109,7/18/2023,Returning
1432,4992918782149,104441,1,0,Draft Orders,42181493031109,9/5/2023,First-time
1433,5000714387653,106691,1,0,Draft Orders,42181493031109,9/13/2023,Returning
1434,5012031373509,108311,1,49.99,Online Store,42181493031109,9/21/2023,Returning
1435,4927136891077,90481,1,46.11,Online Store,42181493031109,7/4/2023,Returning
1436,5006311620805,107821,1,0,Draft Orders,42181493031109,9/18/2023,Returning
1437,4929771274437,91001,1,0,Draft Orders,42181493031109,7/7/2023,Returning
1438,4932391567557,91591,1,42.5,Online Store,42181493031109,7/10/2023,First-time
1439,4994340716741,104721,1,0,Draft Orders,42181493031109,9/7/2023,First-time
1440,4927656558789,90521,1,49.99,Online Store,42181493031109,7/5/2023,First-time
1441,5000442052805,106581,1,0,Draft Orders,42181493031109,9/13/2023,Returning
1442,4930471100613,91211,1,46.73,Online Store,42181493031109,7/8/2023,First-time
1443,4989780918469,103851,1,49.99,Online Store,42181493031109,9/2/2023,First-time
1444,5011183435973,108171,1,0,Draft Orders,42181493031109,9/20/2023,First-time
1445,5012180795589,108331,1,2.99,Online Store,41339628781765,9/21/2023,First-time
1446,4937064317125,92471,1,2.54,Online Store,41339628781765,7/14/2023,First-time
1447,4969607004357,99751,2,5.98,Online Store,41339628781765,8/15/2023,First-time
1448,4953784615109,96151,1,2.99,Online Store,41339628781765,7/31/2023,First-time
1449,4967992066245,99391,1,2.99,Online Store,41339628781765,8/13/2023,First-time
1450,4926562894021,90291,2,5.98,Online Store,41339628781765,7/4/2023,First-time
1451,4998962479301,106191,1,2.99,Online Store,41339628781765,9/11/2023,First-time
1452,4998813155525,106141,1,2.99,Online Store,41339628781765,9/11/2023,Returning
1453,4929048215749,90811,0,0,Facebook & Instagram,41339628781765,7/7/2023,First-time
1454,4929048215749,90811,1,3.2,Facebook & Instagram,41339628781765,7/6/2023,First-time
1455,4999650377925,106411,1,2.99,Online Store,41339628781765,9/12/2023,First-time
1456,4962969157829,98061,1,2.99,Online Store,41339628781765,8/8/2023,First-time
1457,4966432866501,98941,1,2.54,Online Store,41339628781765,8/12/2023,First-time
1458,4997701075141,105771,1,2.99,Online Store,41339628781765,9/10/2023,First-time
1459,5015181164741,108881,1,3.3,Online Store,41339628781765,9/24/2023,First-time
1460,4997732597957,105781,1,2.99,Online Store,42161749131461,9/10/2023,Returning
1461,4994292613317,104701,1,3.17,Facebook & Instagram,42161749131461,9/6/2023,First-time
1462,4994292613317,104701,0,0,Facebook & Instagram,42161749131461,9/7/2023,First-time
1463,4966208340165,98891,0,0,Facebook & Instagram,42161749131461,8/14/2023,First-time
1464,4966208340165,98891,1,3.24,Facebook & Instagram,42161749131461,8/11/2023,First-time
1465,5015341138117,108921,1,2.99,Online Store,42161749131461,9/24/2023,First-time
1466,4975434989765,100861,1,2.99,Online Store,42161749131461,8/21/2023,First-time
1467,4994665185477,104781,1,2.99,Facebook & Instagram,42161749131461,9/7/2023,First-time
1468,4943041757381,93801,1,2.99,Online Store,41772053168325,7/20/2023,Returning
1469,5005756334277,107711,1,3.17,Facebook & Instagram,41772053168325,9/18/2023,First-time
1470,4968453210309,99501,1,2.99,Online Store,41772053168325,8/14/2023,First-time
1471,5017340346565,109371,1,2.99,Online Store,41339636973765,9/26/2023,First-time
1472,4991418433733,104211,1,2.54,Online Store,41339636973765,9/4/2023,First-time
1473,4930411724997,91171,1,2.54,Online Store,41339636973765,7/8/2023,First-time
1474,4989353722053,103771,1,3.24,Facebook & Instagram,41339636973765,9/2/2023,First-time
1475,4989353722053,103771,0,0,Facebook & Instagram,41339636973765,9/5/2023,First-time
1476,4962859876549,98011,1,2.54,Online Store,41339636973765,8/8/2023,First-time
1477,4939147608261,92971,1,3.21,Facebook & Instagram,41339636973765,7/16/2023,First-time
1478,4939147608261,92971,0,0,Facebook & Instagram,41339636973765,7/17/2023,First-time
1479,4975434989765,100861,1,2.99,Online Store,41339636973765,8/21/2023,First-time
1480,4959479038149,97421,1,14.99,Online Store,42178855043269,8/5/2023,First-time
1481,4926172266693,90201,1,14.99,Online Store,42178855043269,7/3/2023,First-time
1482,4930130706629,91131,1,12.75,Online Store,42178855043269,7/7/2023,First-time
1483,4941930856645,93541,1,14.99,Online Store,42178855043269,7/19/2023,Returning
1484,4928632357061,90741,1,12.75,Online Store,42178855043269,7/6/2023,First-time
1485,4933606310085,91821,1,14.99,Online Store,42178855043269,7/11/2023,First-time
1486,4925516120261,90061,1,14.99,Online Store,42178855043269,7/3/2023,First-time
1487,5015717937349,108961,1,14.99,Online Store,42178855043269,9/25/2023,First-time
1488,4967127056581,99121,1,14.99,Online Store,42178855043269,8/12/2023,First-time
1489,5013481947333,108601,1,14.99,Online Store,42178855043269,9/22/2023,First-time
1490,5004502728901,107421,1,14.99,Online Store,42178855043269,9/16/2023,First-time
1491,5004789547205,107491,1,12.74,Online Store,42178855043269,9/17/2023,First-time
1492,4948121747653,95181,1,14.99,Online Store,42178855043269,7/25/2023,First-time
1493,4990656577733,104041,1,14.99,Online Store,42178855043269,9/3/2023,First-time
1494,4987415265477,103531,1,12.74,Online Store,42178855043269,8/31/2023,First-time
1495,4942200537285,93631,1,14.99,Online Store,42178855043269,7/19/2023,First-time
1496,4967781761221,99301,1,14.99,Online Store,42178855043269,8/13/2023,First-time
1497,4945833263301,94531,1,14.99,Online Store,42178855043269,7/23/2023,First-time
1498,4997298946245,105611,1,14.99,Online Store,42178855043269,9/9/2023,First-time
1499,4962976694469,98071,1,14.99,Online Store,42178855043269,8/8/2023,First-time
1500,4934856114373,92051,1,14.99,Online Store,42178855043269,7/12/2023,First-time
1501,4956259713221,96661,1,14.99,Online Store,42178855043269,8/2/2023,First-time
1502,4924817080517,89881,1,16.32,Facebook & Instagram,42178855043269,7/2/2023,Returning
1503,4924817080517,89881,0,0,Facebook & Instagram,42178855043269,7/3/2023,Returning
1504,4996197449925,105301,1,14.99,Online Store,42178855043269,9/8/2023,First-time
1505,5016002396357,109031,1,14.99,Online Store,42178855043269,9/25/2023,First-time
1506,4944835641541,94211,1,14.99,Online Store,42178855043269,7/22/2023,First-time
1507,4984436097221,103031,2,25.48,Online Store,42178855043269,8/29/2023,First-time
1508,4979791003845,101971,1,0,Draft Orders,42178855043269,8/25/2023,Returning
1509,5016483922117,109111,1,14.99,Online Store,42178855043269,9/25/2023,First-time
1510,4953762988229,96141,1,14.99,Online Store,42178855043269,7/31/2023,First-time
1511,4924769272005,89871,1,14.99,Online Store,42178855043269,7/2/2023,First-time
1512,4931663102149,91511,1,14.99,Online Store,42178855043269,7/9/2023,First-time
1513,4950463971525,95651,1,14.99,Online Store,42178855043269,7/28/2023,First-time
1514,4968233042117,99401,1,14.99,Online Store,42178855043269,8/14/2023,First-time
1515,4947445645509,94951,1,14.99,Online Store,42178855043269,7/25/2023,Returning
1516,4997151293637,105541,1,12.75,Online Store,42178855043269,9/9/2023,First-time
1517,4939519590597,93041,1,12.74,Online Store,42178855043269,7/17/2023,First-time
1518,4929590427845,90941,1,14.99,Online Store,42178855043269,7/7/2023,First-time
1519,4925880139973,90131,1,13.35,Online Store,42178855043269,7/3/2023,First-time
1520,4993748205765,104611,1,14.99,Online Store,42178855043269,9/6/2023,Returning
1521,5018924187845,109801,1,14.99,Online Store,42178855043269,9/28/2023,First-time
1522,4964223910085,98451,1,14.99,Online Store,42178855043269,8/9/2023,First-time
1523,4952402985157,95921,1,14.99,Online Store,42178855043269,7/30/2023,First-time
1524,4970177691845,99841,1,12.74,Online Store,42178855043269,8/16/2023,First-time
1525,4948492648645,95271,1,12.74,Online Store,42178855043269,7/26/2023,First-time
1526,4954808778949,96371,1,12.74,Online Store,42178855043269,8/1/2023,First-time
1527,4937064317125,92471,1,12.74,Online Store,42178855043269,7/14/2023,First-time
1528,4957126951109,96881,1,12.75,Online Store,42178855043269,8/3/2023,First-time
1529,4926562894021,90291,1,14.99,Online Store,42178855043269,7/4/2023,First-time
1530,5017003425989,109251,1,12.74,Online Store,42178855043269,9/26/2023,First-time
1531,5018825097413,109731,1,14.99,Online Store,42178855043269,9/28/2023,First-time
1532,4931822354629,91551,1,14.99,Online Store,42178855043269,7/9/2023,First-time
1533,4924516368581,89791,1,13.35,Online Store,42178855043269,7/2/2023,Returning
1534,4925167599813,89981,1,14.99,Online Store,42178855043269,7/3/2023,First-time
1535,4943774712005,93971,1,14.99,Online Store,42178855043269,7/21/2023,First-time
1536,4997046993093,105521,1,14.99,Online Store,42178855043269,9/9/2023,First-time
1537,4923168227525,89461,1,12.74,Online Store,42178855043269,7/1/2023,First-time
1538,5020950855877,110111,1,12.74,Online Store,42178855043269,9/30/2023,First-time
1539,4956999155909,96821,1,14.99,Online Store,42178855043269,8/3/2023,First-time
1540,4937184510149,92511,1,14.99,Online Store,42178855043269,7/14/2023,First-time
1541,4993969127621,104641,1,14.99,Online Store,42178855043269,9/6/2023,First-time
1542,4945542480069,94401,1,14.99,Online Store,42178855043269,7/23/2023,First-time
1543,4963675111621,98271,1,14.99,Online Store,42178855043269,8/9/2023,First-time
1544,4989797269701,103861,1,14.99,Online Store,42178855043269,9/2/2023,First-time
1545,4939018862789,92931,1,12.75,Online Store,42178855043269,7/16/2023,First-time
1546,4957431365829,97001,1,12.74,Online Store,42178855043269,8/3/2023,First-time
1547,4946354503877,94671,1,14.99,Online Store,42178855043269,7/24/2023,First-time
1548,4934340739269,91981,1,14.99,Online Store,42178855043269,7/12/2023,First-time
1549,4924981510341,89931,1,14.99,Online Store,42178855043269,7/2/2023,First-time
1550,4989136109765,103721,1,14.99,Online Store,42178855043269,9/2/2023,First-time
1551,4924742860997,89861,1,13.35,Online Store,42178855043269,7/2/2023,First-time
1552,4982772269253,102621,1,12.75,Online Store,42178855043269,8/28/2023,First-time
1553,4999630815429,106401,1,14.99,Online Store,42178855043269,9/12/2023,First-time
1554,5001352872133,106781,1,12.75,Online Store,42178855043269,9/14/2023,First-time
1555,4926149722309,90181,1,14.99,Online Store,42178855043269,7/3/2023,First-time
1556,4965227561157,98671,1,14.99,Online Store,42178855043269,8/10/2023,Returning
1557,4977656594629,101391,1,14.99,Online Store,42178855043269,8/23/2023,First-time
1558,4985109479621,103141,1,14.99,Online Store,42178855043269,8/30/2023,First-time
1559,4974467776709,100651,1,12.74,Online Store,42178855043269,8/20/2023,First-time
1560,4991418433733,104211,1,2.54,Online Store,42183741997253,9/4/2023,First-time
1561,4977822531781,101471,1,2.99,Online Store,42183741997253,8/23/2023,First-time
1562,4970424467653,99901,3,8.97,Online Store,42183741997253,8/16/2023,First-time
1563,4962921349317,98051,1,2.55,Online Store,42183741997253,8/8/2023,First-time
1564,4969607004357,99751,2,5.98,Online Store,42183741997253,8/15/2023,First-time
1565,4927035113669,90461,1,2.99,Online Store,42183741997253,7/4/2023,First-time
1566,4967832715461,99311,1,2.54,Online Store,42183741997253,8/13/2023,First-time
1567,4951052091589,95741,1,2.54,Online Store,42183741997253,7/28/2023,First-time
1568,4961645953221,97791,1,2.99,Online Store,42183741997253,8/7/2023,First-time
1569,4961605550277,97781,1,2.99,Online Store,42183741997253,8/7/2023,First-time
1570,4999283507397,106271,1,3.26,Online Store,42183741997253,9/12/2023,First-time
1571,5012941734085,108471,1,2.99,Online Store,42183741997253,9/22/2023,First-time
1572,4925800710341,90091,1,2.99,Draft Orders,41772053070021,7/3/2023,First-time
1573,4948401389765,95241,1,2.99,Online Store,41772053070021,7/26/2023,First-time
1574,5016514592965,109121,1,2.54,Online Store,41772053070021,9/25/2023,First-time
1575,4944298148037,94061,2,5.98,Online Store,41772053070021,7/21/2023,Returning
1576,4931306881221,91371,1,2.99,Online Store,41772053070021,7/9/2023,First-time
1577,4966432866501,98941,1,2.54,Online Store,41772053070021,8/12/2023,First-time
1578,4937833251013,92651,0,0,Facebook & Instagram,41772053070021,7/17/2023,First-time
1579,4937833251013,92651,1,3.2,Facebook & Instagram,41772053070021,7/15/2023,First-time
1580,4999526973637,106371,1,2.99,Online Store,41772053070021,9/12/2023,First-time
1581,4945186160837,94331,1,2.99,Online Store,41772053070021,7/22/2023,First-time
1582,5021687644357,110351,1,2.99,Online Store,41772053070021,9/30/2023,First-time
1583,4954403209413,96331,1,2.54,Online Store,41772053070021,7/31/2023,First-time
1584,4999650377925,106411,1,2.99,Online Store,41772053070021,9/12/2023,First-time
1585,4944313450693,94071,4,11.96,Online Store,41772053070021,7/21/2023,First-time
1586,5020517073093,110011,10,25.42,Online Store,41772053070021,9/29/2023,Returning
1587,4990382309573,104011,1,2.99,Online Store,41772053070021,9/3/2023,First-time
1588,4975434989765,100861,1,2.99,Online Store,41339628683461,8/21/2023,First-time
1589,4925967597765,90141,1,2.99,Online Store,41339628683461,7/3/2023,First-time
1590,4969607004357,99751,2,5.98,Online Store,41339628683461,8/15/2023,First-time
1591,4977822531781,101471,1,2.99,Online Store,41339628683461,8/23/2023,First-time
1592,5014713991365,108801,10,29.9,Online Store,41339628683461,9/24/2023,First-time
1593,4967832715461,99311,1,2.54,Online Store,41339628683461,8/13/2023,First-time
1594,4998813155525,106141,1,2.99,Online Store,41339628683461,9/11/2023,Returning
1595,5001886466245,106951,1,2.99,Online Store,41339628683461,9/14/2023,First-time
1596,5018219872453,109651,1,2.54,Online Store,41339628683461,9/27/2023,First-time
1597,4952015143109,95851,3,7.63,Online Store,41339628683461,7/29/2023,First-time
1598,4956990537925,96811,1,2.99,Online Store,41339628683461,8/3/2023,Returning
1599,4967992066245,99391,1,2.99,Online Store,41339628683461,8/13/2023,First-time
1600,4943041757381,93801,1,2.99,Online Store,41339628683461,7/20/2023,Returning
1601,5018905051333,109781,1,2.99,Online Store,41339628683461,9/28/2023,First-time
1602,4954978648261,96441,1,3.13,Facebook & Instagram,41339628683461,8/1/2023,First-time
1603,4944298148037,94061,1,2.99,Online Store,41339628683461,7/21/2023,Returning
1604,4990483628229,104031,1,2.99,Online Store,41339628683461,9/3/2023,First-time
1605,4995242197189,105011,1,2.99,Online Store,41339628683461,9/7/2023,Returning
1606,4970177691845,99841,1,15.29,Online Store,42178855076037,8/16/2023,First-time
1607,4963675111621,98271,1,17.99,Online Store,42178855076037,8/9/2023,First-time
1608,4934088917189,91961,1,17.99,Online Store,42178855076037,7/11/2023,First-time
1609,4960868237509,97641,1,15.29,Online Store,42178855076037,8/6/2023,First-time
1610,4965781110981,98771,1,15.29,Online Store,42178855076037,8/11/2023,Returning
1611,4951250370757,95771,1,17.99,Online Store,42178855076037,7/28/2023,First-time
1612,4931822354629,91551,1,17.99,Online Store,42178855076037,7/9/2023,First-time
1613,4962856370373,98001,1,17.99,Online Store,42178855076037,8/8/2023,First-time
1614,4992286752965,104351,1,17.99,Online Store,42178855076037,9/5/2023,First-time
1615,4958251811013,97131,1,17.99,Online Store,42178855076037,8/4/2023,First-time
1616,4997987008709,105941,1,15.29,Online Store,42178855076037,9/10/2023,First-time
1617,4999797080261,106451,1,17.99,Online Store,42178855076037,9/12/2023,Returning
1618,5017868894405,109521,1,17.99,Online Store,42178855076037,9/27/2023,First-time
1619,4965931122885,98831,1,17.99,Online Store,42178855076037,8/11/2023,Returning
1620,4985481134277,103201,1,17.99,Online Store,42178855076037,8/30/2023,Returning
1621,4941930856645,93541,1,17.99,Online Store,42178855076037,7/19/2023,Returning
1622,4967947403461,99361,1,17.99,Online Store,42178855076037,8/13/2023,First-time
1623,4930506129605,91221,1,17.99,Online Store,42178855076037,7/8/2023,First-time
1624,4971620991173,100291,1,15.29,Online Store,42178855076037,8/17/2023,First-time
1625,4952966234309,96001,1,15.29,Online Store,42178855076037,7/30/2023,First-time
1626,4926761795781,90351,1,15.3,Online Store,42178855076037,7/4/2023,First-time
1627,4948492648645,95271,1,15.29,Online Store,42178855076037,7/26/2023,First-time
1628,4980978122949,102201,1,17.99,Online Store,42178855076037,8/26/2023,First-time
1629,4926500143301,90261,1,17.99,Online Store,42178855076037,7/4/2023,First-time
1630,4966500729029,98961,1,15.29,Online Store,42178855076037,8/12/2023,First-time
1631,4946799526085,94791,1,19.78,Online Store,42178855076037,7/24/2023,First-time
1632,5011772997829,108271,1,17.99,Online Store,42178855076037,9/21/2023,First-time
1633,4997298946245,105611,1,17.99,Online Store,42178855076037,9/9/2023,First-time
1634,4977284612293,101301,1,15.3,Online Store,42178855076037,8/22/2023,First-time
1635,4952020943045,95861,1,17.99,Online Store,42178855076037,7/29/2023,First-time
1636,5018924187845,109801,1,17.99,Online Store,42178855076037,9/28/2023,First-time
1637,4958352081093,97181,1,17.99,Online Store,42178855076037,8/4/2023,First-time
1638,4970564550853,99951,1,17.99,Online Store,42178855010501,8/16/2023,Returning
1639,4931524034757,91471,1,17.99,Online Store,42178855010501,7/9/2023,First-time
1640,4945623187653,94421,1,15.29,Online Store,42178855010501,7/23/2023,First-time
1641,4950081110213,95571,1,15.3,Online Store,42178855010501,7/27/2023,First-time
1642,5011742654661,108251,1,17.99,Online Store,42178855010501,9/21/2023,First-time
1643,4962655273157,97921,1,17.99,Online Store,42178855010501,8/8/2023,First-time
1644,4971620991173,100291,1,15.3,Online Store,42178855010501,8/17/2023,First-time
1645,5009872847045,108071,1,15.29,Online Store,42178855010501,9/20/2023,First-time
1646,4980203028677,102081,1,15.29,Online Store,42178855010501,8/25/2023,First-time
1647,4956503113925,96701,1,15.29,Online Store,42178855010501,8/2/2023,First-time
1648,4985277219013,103171,1,17.99,Online Store,42178855010501,8/30/2023,First-time
1649,4967036289221,99081,1,17.99,Online Store,42178855010501,8/12/2023,First-time
1650,4923878965445,89631,1,16.06,Online Store,42178855010501,7/1/2023,Returning
1651,4984436097221,103031,1,15.28,Online Store,42178855010501,8/29/2023,First-time
1652,4970120085701,99831,1,17.99,Online Store,42178855010501,8/15/2023,First-time
1653,4970383147205,99871,1,17.99,Online Store,42178855010501,8/16/2023,First-time
1654,4966275055813,98921,1,15.29,Online Store,42178855010501,8/11/2023,First-time
1655,4936607432901,92311,1,17.99,Online Store,42178855010501,7/14/2023,First-time
1656,4992286752965,104351,1,17.99,Online Store,42178855010501,9/5/2023,First-time
1657,4998047793349,105981,1,15.29,Online Store,42178855010501,9/10/2023,First-time
1658,5016958501061,109221,1,17.99,Online Store,42178855010501,9/26/2023,First-time
1659,4932819157189,91721,1,15.29,Online Store,42178855010501,7/10/2023,First-time
1660,4930721743045,91261,1,15.3,Online Store,42178855010501,7/8/2023,First-time
1661,5001892692165,106961,1,15.29,Online Store,42178855010501,9/14/2023,First-time
1662,5011385417925,108211,2,35.98,Online Store,42178855010501,9/20/2023,First-time
1663,4976611360965,101091,1,17.99,Online Store,42178855010501,8/22/2023,First-time
1664,4924639740101,89831,1,17.99,Online Store,42178855010501,7/2/2023,First-time
1665,4939018862789,92931,1,15.28,Online Store,42178855010501,7/16/2023,First-time
1666,5018924187845,109801,1,17.99,Online Store,42178855010501,9/28/2023,First-time
1667,4970384064709,99881,1,15.3,Online Store,42178855010501,8/16/2023,First-time
1668,4985481134277,103201,1,17.99,Online Store,42178855010501,8/30/2023,Returning
1669,4948492648645,95271,1,15.29,Online Store,42178855010501,7/26/2023,First-time
1670,4923892957381,89641,1,17.99,Online Store,42178855010501,7/1/2023,First-time
1671,4952015143109,95851,3,7.63,Online Store,41772053102789,7/29/2023,First-time
1672,4991418433733,104211,1,2.54,Online Store,41772053102789,9/4/2023,First-time
1673,4999283507397,106271,1,3.26,Online Store,41772053102789,9/12/2023,First-time
1674,4966432866501,98941,1,2.54,Online Store,41772053102789,8/12/2023,First-time
1675,4988342304965,103631,1,2.99,Online Store,41772053102789,9/1/2023,First-time
1676,5012180795589,108331,1,2.99,Online Store,41772053102789,9/21/2023,First-time
1677,4951052091589,95741,1,2.54,Online Store,41772053102789,7/28/2023,First-time
1678,4967992066245,99391,1,2.99,Online Store,41772053102789,8/13/2023,First-time
1679,4977822531781,101471,1,2.99,Online Store,41772053102789,8/23/2023,First-time
1680,4947445645509,94951,1,2.99,Online Store,41772053102789,7/25/2023,Returning
1681,5012941734085,108471,1,2.99,Online Store,41772053102789,9/22/2023,First-time
1682,5015181164741,108881,1,3.3,Online Store,41772053102789,9/24/2023,First-time
1683,4970424467653,99901,1,2.99,Online Store,41772053102789,8/16/2023,First-time
1684,4944298148037,94061,1,2.99,Online Store,41772053102789,7/21/2023,Returning
1685,4944692379845,94141,1,2.54,Online Store,41339628748997,7/22/2023,First-time
1686,4954978648261,96441,1,3.14,Facebook & Instagram,41339628748997,8/1/2023,First-time
1687,5020517073093,110011,5,12.7,Online Store,41339628748997,9/29/2023,Returning
1688,4995002761413,104931,1,2.99,Online Store,41339628748997,9/7/2023,First-time
1689,4923539128517,89541,1,2.99,Online Store,41339628748997,7/1/2023,First-time
1690,4952015143109,95851,3,7.62,Online Store,41339628748997,7/29/2023,First-time
1691,4998592626885,106101,1,2.99,Online Store,41339628748997,9/11/2023,Returning
1692,4961605550277,97781,1,2.99,Online Store,41339628748997,8/7/2023,First-time
1693,4936768913605,92361,1,2.99,Online Store,41339628748997,7/14/2023,First-time
1694,5004941852869,107541,0,0,Facebook & Instagram,41339628748997,9/18/2023,First-time
1695,5004941852869,107541,1,3.24,Facebook & Instagram,41339628748997,9/17/2023,First-time
1696,5014067216581,108691,1,2.99,Online Store,41339628748997,9/23/2023,First-time
1697,4928517701829,90671,1,2.99,Online Store,41339628748997,7/6/2023,First-time
1698,4938989371589,92921,1,2.99,Online Store,41339628748997,7/16/2023,First-time
1699,4998591742149,106091,1,2.54,Online Store,41339628748997,9/11/2023,First-time
1700,5002430906565,107051,1,3.26,Online Store,41339628748997,9/15/2023,Returning
1701,4945828315333,94521,1,3.3,Online Store,41339628748997,7/23/2023,First-time
1702,5004941852869,107541,0,0,Facebook & Instagram,41772053135557,9/18/2023,First-time
1703,5004941852869,107541,1,3.24,Facebook & Instagram,41772053135557,9/17/2023,First-time
1704,4937833251013,92651,0,0,Facebook & Instagram,41772053135557,7/17/2023,First-time
1705,4937833251013,92651,1,3.2,Facebook & Instagram,41772053135557,7/15/2023,First-time
1706,4943258484933,93851,1,2.99,Online Store,41772053135557,7/20/2023,First-time
1707,4928517701829,90671,1,2.99,Online Store,41772053135557,7/6/2023,First-time
1708,4999526973637,106371,1,2.99,Online Store,41772053135557,9/12/2023,First-time
1709,4970424467653,99901,1,2.99,Online Store,41772053135557,8/16/2023,First-time
1710,4977822531781,101471,1,2.99,Online Store,41772053135557,8/23/2023,First-time
1711,4985759105221,103301,1,2.99,Online Store,41772053135557,8/30/2023,Returning
1712,4995242197189,105011,1,2.99,Online Store,41772053135557,9/7/2023,Returning
1713,5004941852869,107541,0,0,Facebook & Instagram,41339628814533,9/18/2023,First-time
1714,5004941852869,107541,1,3.24,Facebook & Instagram,41339628814533,9/17/2023,First-time
1715,4991418433733,104211,1,2.54,Online Store,41339628814533,9/4/2023,First-time
1716,4970424467653,99901,1,2.99,Online Store,41339628814533,8/16/2023,First-time
1717,4988342304965,103631,1,2.99,Online Store,41339628814533,9/1/2023,First-time
1718,4977822531781,101471,1,2.99,Online Store,41339628814533,8/23/2023,First-time
1719,4947445645509,94951,1,2.99,Online Store,41339628814533,7/25/2023,Returning
1720,4968453210309,99501,1,2.99,Online Store,41339628814533,8/14/2023,First-time
1721,5021687644357,110351,1,2.99,Online Store,41772053201093,9/30/2023,First-time
1722,4999797080261,106451,1,2.99,Online Store,41772053201093,9/12/2023,Returning
1723,4980350288069,102161,1,2.99,Online Store,41772053201093,8/25/2023,First-time
1724,5005756334277,107711,1,3.17,Facebook & Instagram,41772053201093,9/18/2023,First-time
1725,5021461151941,110291,1,2.99,Online Store,41772053201093,9/30/2023,First-time
1726,4960219922629,97501,1,2.99,Online Store,41772053201093,8/6/2023,First-time
1727,4999526973637,106371,1,2.99,Online Store,42169174360261,9/12/2023,First-time
1728,4955030061253,96461,1,2.99,Online Store,42169174360261,8/1/2023,First-time
1729,5001886466245,106951,1,2.99,Online Store,42169174360261,9/14/2023,First-time
1730,4945828315333,94521,2,6.58,Online Store,41339636908229,7/23/2023,First-time
1731,4988342304965,103631,1,2.99,Online Store,41339636908229,9/1/2023,First-time
1732,4924981510341,89931,1,2.99,Online Store,41339636908229,7/2/2023,First-time
1733,4990382309573,104011,1,2.99,Online Store,41339636908229,9/3/2023,First-time
1734,5001886466245,106951,1,2.99,Online Store,41339636908229,9/14/2023,First-time
1735,4953160155333,96041,0,0,Facebook & Instagram,41339636908229,7/31/2023,First-time
1736,4953160155333,96041,1,3.24,Facebook & Instagram,41339636908229,7/30/2023,First-time
1737,4933928452293,91941,1,3.23,Online Store,41339636908229,7/11/2023,First-time
1738,4951052091589,95741,1,2.55,Online Store,41339636908229,7/28/2023,First-time
1739,4953784615109,96151,1,2.99,Online Store,41339636908229,7/31/2023,First-time
1740,4967781761221,99301,1,2.99,Online Store,41339636908229,8/13/2023,First-time
1741,4926844633285,90381,1,2.99,Online Store,41339636908229,7/4/2023,First-time
1742,5012941734085,108471,1,2.99,Online Store,41339636908229,9/22/2023,First-time
1743,4999650377925,106411,1,2.99,Online Store,41339636908229,9/12/2023,First-time
1744,4969607004357,99751,2,5.98,Online Store,41339636908229,8/15/2023,First-time
1745,4936423768261,92291,1,2.99,Online Store,42169174098117,7/14/2023,First-time
1746,4998813155525,106141,1,2.99,Online Store,42169174098117,9/11/2023,Returning
1747,4925514612933,90051,1,2.99,Online Store,42169174098117,7/3/2023,First-time
1748,5016514592965,109121,1,2.54,Online Store,42169174098117,9/25/2023,First-time
1749,4998592626885,106101,2,5.98,Online Store,42169174098117,9/11/2023,Returning
1750,4999283507397,106271,1,3.26,Online Store,42183742390469,9/12/2023,First-time
1751,4995002761413,104931,1,2.99,Online Store,42183742390469,9/7/2023,First-time
1752,4997732597957,105781,1,2.99,Online Store,42183742390469,9/10/2023,Returning
1753,4952020943045,95861,1,2.99,Online Store,42183742390469,7/29/2023,First-time
1754,4926844633285,90381,1,2.99,Online Store,42183742390469,7/4/2023,First-time
1755,4931306881221,91371,1,2.99,Online Store,42183742390469,7/9/2023,First-time
1756,4962969157829,98061,1,2.99,Online Store,42183742390469,8/8/2023,First-time
1757,5000593408197,106641,1,2.99,Online Store,42183742390469,9/13/2023,First-time
1758,4937157181637,92501,1,2.99,Online Store,42183742390469,7/14/2023,First-time
1759,5016402755781,109101,1,2.54,Online Store,42183742390469,9/25/2023,First-time
1760,4943041757381,93801,1,2.99,Online Store,41339636842693,7/20/2023,Returning
1761,4961605550277,97781,1,2.99,Online Store,41339636842693,8/7/2023,First-time
1762,4966208340165,98891,0,0,Facebook & Instagram,41339636842693,8/14/2023,First-time
1763,4966208340165,98891,2,6.47,Facebook & Instagram,41339636842693,8/11/2023,First-time
1764,4975434989765,100861,1,2.99,Online Store,41339636842693,8/21/2023,First-time
1765,4966432866501,98941,1,2.54,Online Store,42183742292165,8/12/2023,First-time
1766,4967832715461,99311,1,2.54,Online Store,42183742292165,8/13/2023,First-time
1767,4997686132933,105751,1,2.55,Online Store,42183742292165,9/10/2023,First-time
1768,4968453210309,99501,1,2.99,Online Store,42183742292165,8/14/2023,First-time
1769,4960219922629,97501,1,2.99,Online Store,42183742292165,8/6/2023,First-time
1770,4967781761221,99301,1,2.99,Online Store,42183742292165,8/13/2023,First-time
1771,4999650377925,106411,1,2.99,Online Store,42183742292165,9/12/2023,First-time
1772,5016514592965,109121,1,2.54,Online Store,42183742292165,9/25/2023,First-time
1773,4999283507397,106271,1,3.26,Online Store,42183742292165,9/12/2023,First-time
1774,5020611510469,110051,1,2.99,Online Store,42183742292165,9/29/2023,First-time
1775,4932734550213,91691,1,2.55,Online Store,42183742292165,7/10/2023,First-time
1776,4932625825989,91651,1,2.54,Online Store,42183742292165,7/10/2023,First-time
1777,4925967597765,90141,1,2.99,Online Store,42183742292165,7/3/2023,First-time
1778,4953925288133,96191,1,3.23,Facebook & Instagram,42183742292165,7/31/2023,First-time
1779,4927035113669,90461,1,2.99,Online Store,42183742292165,7/4/2023,First-time
1780,4944850288837,94221,0,0,Facebook & Instagram,41339628716229,7/24/2023,First-time
1781,4944850288837,94221,1,3.24,Facebook & Instagram,41339628716229,7/22/2023,First-time
1782,4945186160837,94331,1,2.99,Online Store,41339628716229,7/22/2023,First-time
1783,4935562232005,92171,1,2.55,Online Store,41339628716229,7/13/2023,First-time
1784,4990382309573,104011,1,2.99,Online Store,41339628716229,9/3/2023,First-time
1785,4931306881221,91371,1,2.99,Online Store,41339628716229,7/9/2023,First-time
1786,4962969157829,98061,1,2.99,Online Store,41339628716229,8/8/2023,First-time
1787,5011772997829,108271,1,2.99,Online Store,41339628716229,9/21/2023,First-time
1788,4966148669637,98881,1,2.99,Online Store,41339636940997,8/11/2023,First-time
1789,4969607004357,99751,2,5.98,Online Store,41339636940997,8/15/2023,First-time
1790,4974549074117,100681,1,2.99,Online Store,41339636940997,8/20/2023,First-time
1791,4983065706693,102661,1,2.54,Online Store,41339636940997,8/28/2023,First-time
1792,4961605550277,97781,1,2.99,Online Store,41339636940997,8/7/2023,First-time
1793,4954403209413,96331,1,2.54,Online Store,41339636940997,7/31/2023,First-time
1794,4966432866501,98941,1,2.54,Online Store,41339636940997,8/12/2023,First-time
1795,4954978648261,96441,1,3.13,Facebook & Instagram,41339636940997,8/1/2023,First-time
1796,4968453210309,99501,1,2.99,Online Store,41339636940997,8/14/2023,First-time
1797,4977719017669,101411,1,34.99,Online Store,41200148480197,8/23/2023,First-time
1798,4993135444165,104491,1,29.74,Online Store,41200148480197,9/5/2023,First-time
1799,4936140947653,92261,1,34.99,Online Store,41200148480197,7/13/2023,First-time
1800,4979344900293,101851,1,34.99,Online Store,41200148480197,8/24/2023,First-time
1801,4982169403589,102521,1,34.99,Online Store,41200148480197,8/27/2023,First-time
1802,4994801631429,104831,1,34.99,Online Store,41200148480197,9/7/2023,First-time
1803,4986124042437,103391,1,29.74,Online Store,41200148480197,8/30/2023,First-time
1804,4971861147845,100331,1,34.99,Shop,41200148480197,8/17/2023,Returning
1805,4974979055813,100791,1,34.99,Online Store,41200148480197,8/20/2023,First-time
1806,4993640923333,104581,1,29.74,Online Store,41200148480197,9/6/2023,First-time
1807,4975024996549,100811,1,34.99,Online Store,41200148480197,8/20/2023,First-time
1808,4997669224645,105741,1,34.99,Online Store,41200148480197,9/10/2023,First-time
1809,4962244231365,97881,1,34.99,Online Store,41200148480197,8/8/2023,First-time
1810,4923678720197,89591,1,29.74,Online Store,41200148480197,7/1/2023,First-time
1811,4938687185093,92851,1,29.74,Online Store,41200148480197,7/16/2023,First-time
1812,4985577930949,103221,1,34.99,Online Store,41200148480197,8/30/2023,First-time
1813,4989681172677,103831,1,34.99,Online Store,41200148480197,9/2/2023,First-time
1814,5000414101701,106571,1,29.74,Online Store,41200148480197,9/13/2023,First-time
1815,4946432131269,94681,1,34.99,Online Store,41200148480197,7/24/2023,First-time
1816,4933335089349,91761,1,34.99,Online Store,41200148480197,7/11/2023,First-time
1817,4946025283781,94611,1,38.58,Online Store,41200148480197,7/23/2023,First-time
1818,4955246559429,96511,6,125.94,Draft Orders,41200148480197,8/1/2023,First-time
1819,4929948876997,91051,1,34.99,Online Store,41200148480197,7/7/2023,First-time
1820,4956364472517,96681,1,34.99,Online Store,41200148480197,8/2/2023,First-time
1821,4972449366213,100371,1,34.99,Online Store,41200148480197,8/18/2023,First-time
1822,4990215389381,103941,1,29.73,Online Store,41200148480197,9/3/2023,First-time
1823,4961875493061,97841,1,34.99,Online Store,41200148480197,8/7/2023,First-time
1824,4958600724677,97271,1,29.74,Online Store,41200148480197,8/4/2023,First-time
1825,4937279963333,92541,1,34.99,Online Store,41200148480197,7/14/2023,First-time
1826,4945624957125,94431,1,34.99,Online Store,41200148480197,7/23/2023,Returning
1827,4961196376261,97661,1,34.99,Online Store,41200148480197,8/7/2023,First-time
1828,4947165544645,94901,1,34.99,Online Store,41200148480197,7/25/2023,First-time
1829,4978012750021,101541,1,34.99,Online Store,41200148480197,8/23/2023,First-time
1830,4928285900997,90661,1,29.73,Online Store,41200148480197,7/6/2023,First-time
1831,4952957157573,95991,1,34.99,Online Store,41200148480197,7/30/2023,First-time
1832,4970482368709,99921,1,29.74,Online Store,41200148480197,8/16/2023,First-time
1833,4962873540805,98031,1,34.99,Online Store,41200148480197,8/8/2023,First-time
1834,4980037615813,102021,1,29.74,Online Store,41200148480197,8/25/2023,First-time
1835,4995207954629,104991,1,34.99,Online Store,41200148480197,9/7/2023,First-time
1836,4955036156101,96471,1,34.99,Online Store,41200148480197,8/1/2023,First-time
1837,4935465304261,92121,1,34.99,Online Store,41200148480197,7/13/2023,First-time
1838,4967674216645,99261,1,34.99,Online Store,41200148480197,8/13/2023,First-time
1839,4933636194501,91831,1,34.99,Online Store,41200148480197,7/11/2023,First-time
1840,4990715134149,104061,1,29.74,Online Store,41200148480197,9/3/2023,First-time
1841,4939510841541,93021,1,29.73,Online Store,41200148480197,7/17/2023,First-time
1842,4943640035525,93921,1,29.74,Online Store,41200148480197,7/21/2023,First-time
1843,5000595472581,106651,1,29.74,Online Store,41200148480197,9/13/2023,First-time
1844,4989872275653,103881,1,29.73,Online Store,41200148480197,9/2/2023,First-time
1845,4947664830661,95011,1,34.99,Online Store,41200148480197,7/25/2023,First-time
1846,4923742748869,89601,1,34.99,Online Store,41200148480197,7/1/2023,First-time
1847,4983519019205,102781,1,29.74,Online Store,41200148480197,8/28/2023,First-time
1848,4935492370629,92131,1,37.31,Facebook & Instagram,41200148480197,7/13/2023,First-time
1849,4974549074117,100681,1,34.99,Online Store,41200148480197,8/20/2023,First-time
1850,4944252108997,94051,1,34.99,Online Store,41200148480197,7/21/2023,First-time
1851,4989294739653,103761,1,32.56,Online Store,41200148480197,9/2/2023,First-time
1852,4940512428229,93271,1,34.99,Online Store,41200148480197,7/18/2023,Returning
1853,4981815247045,102401,2,59.47,Online Store,41200148480197,8/27/2023,First-time
1854,4929888649413,91041,1,34.99,Online Store,41200148480197,7/7/2023,First-time
1855,4976798171333,101141,1,34.99,Online Store,41200148480197,8/22/2023,First-time
1856,4981411152069,102321,1,29.74,Online Store,41200148480197,8/26/2023,First-time
1857,4987100332229,103451,1,29.74,Online Store,41200148480197,8/31/2023,First-time
1858,4978863800517,101731,1,38.6,Facebook & Instagram,41200148480197,8/24/2023,First-time
1859,4939234017477,92991,1,29.75,Online Store,41200148480197,7/16/2023,First-time
1860,4962862825669,98021,1,29.74,Online Store,41200148480197,8/8/2023,First-time
1861,4944622911685,94121,2,59.48,Online Store,41200148480197,7/22/2023,First-time
1862,4949803827397,95511,1,34.99,Online Store,41200148480197,7/27/2023,First-time
1863,4956503113925,96701,1,29.74,Online Store,41200148480197,8/2/2023,First-time
1864,4995337027781,105031,1,34.99,Online Store,41200148480197,9/8/2023,First-time
1865,4927706038469,90531,1,34.99,Online Store,41200148480197,7/5/2023,First-time
1866,4924097167557,89711,1,29.74,Online Store,41200148480197,7/1/2023,First-time
1867,4926783455429,90361,1,34.99,Online Store,41200148480197,7/4/2023,First-time
1868,4977662722245,101401,1,29.74,Online Store,41200148480197,8/23/2023,First-time
1869,4940653756613,93291,1,29.74,Online Store,41200148480197,7/18/2023,First-time
1870,4995014164677,104951,1,34.99,Online Store,41200148480197,9/7/2023,First-time
1871,4960429179077,97551,1,29.74,Online Store,41200148480197,8/6/2023,First-time
1872,4963939844293,98371,1,34.99,Online Store,41200148480197,8/9/2023,First-time
1873,5001399206085,106811,1,34.99,Online Store,41200148480197,9/14/2023,First-time
1874,5001333571781,106761,1,34.99,Online Store,41200148480197,9/14/2023,First-time
1875,4926339842245,90231,1,29.74,Online Store,41200148480197,7/4/2023,First-time
1876,4945960698053,94571,1,34.99,Online Store,41200148480197,7/23/2023,First-time
1877,4927612092613,90511,5,90,Draft Orders,41200148480197,7/5/2023,Returning
1878,4969240428741,99661,1,34.99,Online Store,41200148480197,8/15/2023,First-time
1879,4958613897413,97281,1,34.99,Online Store,41200148480197,8/4/2023,First-time
1880,4948028358853,95141,1,34.99,Online Store,41200148480197,7/25/2023,Returning
1881,4987731771589,103561,1,29.74,Online Store,41200148480197,9/1/2023,First-time
1882,4989603250373,103811,1,29.73,Online Store,41200148480197,9/2/2023,First-time
1883,4937896427717,92671,1,34.99,Online Store,41200148480197,7/15/2023,First-time
1884,4943708225733,93961,1,0,Draft Orders,41200148480197,7/21/2023,Returning
1885,4960043696325,97471,1,29.74,Online Store,41200148480197,8/6/2023,First-time
1886,4954864222405,96401,1,29.74,Online Store,41200148480197,8/1/2023,First-time
1887,4930611937477,91241,1,34.99,Online Store,41200148480197,7/8/2023,First-time
1888,4934747062469,92031,1,34.99,Online Store,41200148480197,7/12/2023,First-time
1889,4970406314181,99891,1,29.74,Online Store,41200148480197,8/16/2023,First-time
1890,4971764515013,100311,1,29.74,Online Store,41200148480197,8/17/2023,First-time
1891,4980855963845,102191,2,69.98,Online Store,41200148480197,8/26/2023,First-time
1892,4997213814981,105571,1,37.88,Facebook & Instagram,41200148480197,9/9/2023,First-time
1893,4997213814981,105571,0,0,Facebook & Instagram,41200148480197,9/11/2023,First-time
1894,4941034356933,93381,1,34.99,Online Store,41200148480197,7/18/2023,First-time
1895,4990162632901,103931,1,34.99,Online Store,41200148480197,9/3/2023,First-time
1896,4998982271173,106201,1,29.74,Online Store,41200148480197,9/11/2023,First-time
1897,4971729289413,100301,1,29.74,Online Store,41200148480197,8/17/2023,First-time
1898,4949342847173,95441,1,34.99,Online Store,41200148480197,7/27/2023,First-time
1899,4967127056581,99121,1,34.99,Online Store,41200148480197,8/12/2023,First-time
1900,4958422139077,97211,3,62.97,Draft Orders,41200148480197,8/4/2023,Returning
1901,4926741905605,90341,1,29.74,Online Store,41200148480197,7/4/2023,First-time
1902,4983248748741,102711,1,34.99,Online Store,41200148480197,8/28/2023,First-time
1903,4980760871109,102181,1,29.74,Online Store,41200148480197,8/26/2023,First-time
1904,4949791047877,95501,1,34.99,Online Store,41200148480197,7/27/2023,First-time
1905,4960675102917,97581,1,34.99,Online Store,41200148480197,8/6/2023,First-time
1906,4949373714629,95451,1,34.99,Online Store,41200148480197,7/27/2023,First-time
1907,4925067264197,89951,1,34.99,Online Store,41200148480197,7/2/2023,First-time
1908,4938842276037,92881,1,29.74,Online Store,41200148480197,7/16/2023,First-time
1909,4991408210117,104201,2,59.48,Online Store,41200148480197,9/4/2023,First-time
1910,4976928489669,101181,2,41.98,Draft Orders,41200148480197,8/22/2023,First-time
1911,4990380146885,104001,1,34.99,Online Store,41200148480197,9/3/2023,First-time
1912,4936918368453,92411,1,29.74,Online Store,41200148480197,7/14/2023,First-time
1913,4963244605637,98141,1,34.99,Online Store,41200148480197,8/8/2023,First-time
1914,4958625628357,97301,1,34.99,Online Store,41200148480197,8/4/2023,First-time
1915,4998911525061,106171,1,34.99,Online Store,41200148480197,9/11/2023,First-time
1916,4938983342277,92911,1,34.99,Online Store,41200148480197,7/16/2023,First-time
1917,4931703144645,91521,1,34.99,Online Store,41200148480197,7/9/2023,First-time
1918,5001373286597,106791,1,34.99,Online Store,42347040440517,9/14/2023,First-time
1919,4996716724421,105431,1,34.99,Online Store,42347040440517,9/9/2023,Returning
1920,4997485625541,105661,0,0,Facebook & Instagram,42347040440517,9/11/2023,First-time
1921,4997485625541,105661,1,37.7,Facebook & Instagram,42347040440517,9/10/2023,First-time
1922,4996739924165,105471,1,34.99,Online Store,42347040440517,9/9/2023,Returning
1923,5000595472581,106651,1,29.74,Online Store,42347040440517,9/13/2023,First-time
1924,4995790438597,105161,1,0,Draft Orders,42347040440517,9/8/2023,First-time
1925,4996426334405,105371,1,29.74,Online Store,42347040440517,9/8/2023,First-time
1926,5001799565509,106921,2,49.98,Draft Orders,42347040440517,9/14/2023,First-time
1927,4998531252421,106081,1,29.74,Online Store,42347040440517,9/11/2023,First-time
1928,4997248188613,105601,1,29.74,Online Store,42347040440517,9/9/2023,First-time
1929,4997822611653,105831,1,34.99,Online Store,42347040440517,9/10/2023,First-time
1930,5000201896133,106541,1,29.74,Online Store,42347040440517,9/13/2023,First-time
1931,5001950462149,106981,1,34.99,Online Store,42347040440517,9/14/2023,First-time
1932,4996763189445,105481,1,34.99,Online Store,42347040440517,9/9/2023,Returning
1933,5001930342597,106971,1,29.74,Online Store,42347040440517,9/14/2023,First-time
1934,5000593408197,106641,1,34.99,Online Store,42347040440517,9/13/2023,First-time
1935,4997573509317,105681,1,29.75,Online Store,42347040440517,9/10/2023,First-time
1936,5000414101701,106571,1,29.74,Online Store,42347040440517,9/13/2023,First-time
1937,4997895782597,105851,1,29.73,Online Store,42347040440517,9/10/2023,First-time
1938,4997070782661,105531,1,34.99,Online Store,42347040440517,9/9/2023,Returning
1939,4996737728709,105461,1,34.99,Online Store,42347040440517,9/9/2023,First-time
1940,5020608889029,110041,1,38.24,Online Store,42355999015109,9/29/2023,First-time
1941,5012926333125,108461,1,38.23,Online Store,42355999015109,9/22/2023,First-time
1942,5012183744709,108341,1,44.99,Online Store,42355999015109,9/21/2023,Returning
1943,5012180795589,108331,2,89.98,Online Store,42355999015109,9/21/2023,First-time
1944,5011770507461,108261,1,38.24,Online Store,42355999178949,9/21/2023,First-time
1945,5015341138117,108921,1,44.99,Online Store,42355999113413,9/24/2023,First-time
1946,4977125130437,101231,1,29.74,Online Store,41200128753861,8/22/2023,First-time
1947,4945025204421,94261,1,29.74,Online Store,41200128753861,7/22/2023,First-time
1948,4997485625541,105661,0,0,Facebook & Instagram,41200128753861,9/11/2023,First-time
1949,4997485625541,105661,1,37.7,Facebook & Instagram,41200128753861,9/10/2023,First-time
1950,4945624957125,94431,1,34.99,Online Store,41200128753861,7/23/2023,Returning
1951,4968756641989,99551,1,34.99,Online Store,41200128753861,8/14/2023,First-time
1952,4939124932805,92961,1,34.99,Online Store,41200128753861,7/16/2023,First-time
1953,4949959344325,95551,1,34.99,Online Store,41200128753861,7/27/2023,First-time
1954,4975824601285,100961,1,34.99,Online Store,41200128753861,8/21/2023,First-time
1955,4997701075141,105771,1,34.99,Online Store,41200128753861,9/10/2023,First-time
1956,4938570498245,92801,1,34.99,Online Store,41200128753861,7/16/2023,First-time
1957,4952236720325,95891,1,34.99,Online Store,41200128753861,7/29/2023,First-time
1958,4990656577733,104041,1,34.99,Online Store,41200128753861,9/3/2023,First-time
1959,4962715631813,97941,1,34.99,Online Store,41200128753861,8/8/2023,First-time
1960,4995544613061,105091,1,29.74,Online Store,41200128753861,9/8/2023,First-time
1961,4932703289541,91681,1,34.99,Shop,41200128753861,7/10/2023,First-time
1962,4937896427717,92671,1,34.99,Online Store,41200128753861,7/15/2023,First-time
1963,4962626961605,97911,1,34.99,Online Store,41200128753861,8/8/2023,First-time
1964,4957310517445,96961,1,34.99,Online Store,41200128753861,8/3/2023,First-time
1965,4985641959621,103251,2,69.98,Online Store,41200128753861,8/30/2023,Returning
1966,4994160459973,104661,1,37.44,Facebook & Instagram,41200128753861,9/6/2023,First-time
1967,4994160459973,104661,0,0,Facebook & Instagram,41200128753861,9/7/2023,First-time
1968,4978760450245,101671,1,37.44,Facebook & Instagram,41200128753861,8/24/2023,First-time
1969,4952015143109,95851,1,29.73,Online Store,41200128753861,7/29/2023,First-time
1970,4935428047045,92101,1,29.74,Online Store,41200128753861,7/13/2023,First-time
1971,4927612092613,90511,6,108,Draft Orders,41200128753861,7/5/2023,Returning
1972,4958080893125,97101,2,69.98,Online Store,41200128753861,8/4/2023,First-time
1973,4947328762053,94931,1,29.74,Online Store,41200128753861,7/25/2023,First-time
1974,4929713340613,90971,1,34.99,Online Store,41200128753861,7/7/2023,First-time
1975,4982272295109,102561,1,29.74,Online Store,41200128753861,8/27/2023,First-time
1976,4971896373445,100341,2,69.98,Online Store,41200128753861,8/17/2023,First-time
1977,4932758044869,91701,1,29.74,Online Store,41200128753861,7/10/2023,First-time
1978,4987415265477,103531,1,29.74,Online Store,41200128753861,8/31/2023,First-time
1979,4936947237061,92431,1,34.99,Online Store,41200128753861,7/14/2023,First-time
1980,4967127056581,99121,1,34.99,Online Store,41200128753861,8/12/2023,First-time
1981,4967416398021,99201,0,0,Facebook & Instagram,41200128753861,8/14/2023,First-time
1982,4967416398021,99201,1,37.61,Facebook & Instagram,41200128753861,8/13/2023,First-time
1983,4942257553605,93651,1,34.99,Online Store,41200128753861,7/19/2023,First-time
1984,4974878359749,100761,1,29.74,Online Store,41200128753861,8/20/2023,First-time
1985,4974697676997,100741,1,34.99,Online Store,41200128753861,8/20/2023,First-time
1986,4924817080517,89881,0,0,Facebook & Instagram,41200128753861,7/3/2023,Returning
1987,4924817080517,89881,1,38.1,Facebook & Instagram,41200128753861,7/2/2023,Returning
1988,4968381546693,99481,1,32.19,Online Store,41200128753861,8/14/2023,First-time
1989,4982004482245,102451,1,34.99,Online Store,41200128753861,8/27/2023,First-time
1990,4991642435781,104261,1,34.99,Online Store,41200128753861,9/4/2023,First-time
1991,4954342228165,96321,1,34.99,Online Store,41200128753861,7/31/2023,Returning
1992,4935534837957,92151,1,29.73,Online Store,41200128753861,7/13/2023,First-time
1993,4985457705157,103191,1,32.78,Online Store,41200128753861,8/30/2023,First-time
1994,4960733331653,97611,1,29.74,Online Store,41200128753861,8/6/2023,First-time
1995,4954259062981,96281,1,34.99,Online Store,41200128753861,7/31/2023,First-time
1996,4957146054853,96901,1,34.99,Online Store,41200128753861,8/3/2023,Returning
1997,4976928489669,101181,2,41.98,Draft Orders,41200128753861,8/22/2023,First-time
1998,4996171333829,105281,2,59.48,Online Store,41200128753861,9/8/2023,First-time
1999,4962381201605,97891,1,34.99,Online Store,41200128753861,8/8/2023,Returning
2000,4943774712005,93971,1,34.99,Online Store,41200128753861,7/21/2023,First-time
2001,4996617371845,105411,1,34.99,Online Store,41200128753861,9/9/2023,First-time
2002,4958422139077,97211,3,62.97,Draft Orders,41200128753861,8/4/2023,Returning
2003,4994611577029,104761,1,34.99,Online Store,41200128753861,9/7/2023,First-time
2004,4991279628485,104151,1,29.74,Online Store,41200128753861,9/4/2023,First-time
2005,4955246559429,96511,3,62.97,Draft Orders,41200128753861,8/1/2023,First-time
2006,4997328142533,105641,1,29.74,Online Store,41200128753861,9/10/2023,First-time
2007,4994272297157,104691,0,0,Facebook & Instagram,41200128753861,9/7/2023,First-time
2008,4994272297157,104691,1,34.99,Facebook & Instagram,41200128753861,9/6/2023,First-time
2009,5001799565509,106921,1,24.99,Draft Orders,41200128753861,9/14/2023,First-time
2010,4970177691845,99841,1,29.73,Online Store,41200128753861,8/16/2023,First-time
2011,4957192880325,96941,1,29.74,Online Store,41200128753861,8/3/2023,First-time
2012,4985831817413,103321,12,251.88,Draft Orders,41200128753861,8/30/2023,Returning
2013,5002497720517,107061,1,0,Draft Orders,41200128753861,9/15/2023,Returning
2014,4993414693061,104531,1,38.58,Facebook & Instagram,41200128753861,9/6/2023,First-time
2015,4991556976837,104251,1,34.99,Online Store,41200128753861,9/4/2023,First-time
2016,4948028358853,95141,1,34.99,Online Store,41200128753861,7/25/2023,Returning
2017,5000414101701,106571,1,29.74,Online Store,41200128753861,9/13/2023,First-time
2018,4957429268677,96991,1,29.74,Online Store,41200128753861,8/3/2023,First-time
2019,4938631282885,92841,1,34.99,Online Store,41200128753861,7/16/2023,Returning
2020,4975024996549,100811,1,34.99,Online Store,41200128753861,8/20/2023,First-time
2021,4997954830533,105891,1,29.74,Online Store,41200128753861,9/10/2023,First-time
2022,4987230126277,103461,1,29.74,Online Store,41200128753861,8/31/2023,First-time
2023,4980855963845,102191,2,69.98,Online Store,41200128753861,8/26/2023,First-time
2024,4957151690949,96911,1,34.99,Online Store,41200128753861,8/3/2023,First-time
2025,4971229249733,100121,1,34.99,Online Store,41200128753861,8/17/2023,First-time
2026,5002024976581,107011,1,29.74,Online Store,41200128753861,9/14/2023,Returning
2027,4948518240453,95281,1,29.74,Online Store,41200128753861,7/26/2023,First-time
2028,4960770785477,97631,1,34.99,Online Store,41200128753861,8/6/2023,First-time
2029,4979693158597,101921,1,37.09,Facebook & Instagram,41200128753861,8/25/2023,First-time
2030,4949342847173,95441,1,34.99,Online Store,41200128753861,7/27/2023,First-time
2031,4973064421573,100451,1,0,Draft Orders,41200128753861,8/18/2023,Returning
2032,5018219872453,109651,1,29.74,Online Store,41200148480197,9/27/2023,First-time
2033,5007228764357,107981,1,29.74,Online Store,41200148480197,9/19/2023,First-time
2034,5013884600517,108661,1,29.73,Online Store,41200148480197,9/23/2023,Returning
2035,5012401062085,108411,1,29.74,Online Store,41200148480197,9/21/2023,First-time
2036,5014086713541,108721,1,29.74,Online Store,41200148480197,9/23/2023,First-time
2037,5018059669701,109581,1,29.74,Online Store,41200148480197,9/27/2023,First-time
2038,5003585814725,107231,1,29.74,Online Store,41200148480197,9/15/2023,First-time
2039,5004240519365,107301,4,83.96,Draft Orders,41200148480197,9/16/2023,First-time
2040,5017846546629,109511,1,32.79,Online Store,41200148480197,9/27/2023,First-time
2041,5006143062213,107811,1,29.74,Online Store,41200148480197,9/18/2023,First-time
2042,4958422139077,97211,3,62.97,Draft Orders,42296269766853,8/4/2023,Returning
2043,4994687140037,104801,-1,0,Draft Orders,42345978003653,9/7/2023,Returning
2044,4994687140037,104801,1,0,Draft Orders,42345978003653,9/7/2023,Returning
2045,4995547398341,105101,1,34.99,Online Store,42345978003653,9/8/2023,First-time
2046,4999307264197,106291,1,0,Shop,42345978003653,9/12/2023,Returning
2047,5021643604165,110341,1,42.16,Online Store,42355999277253,9/30/2023,First-time
2048,5018350420165,109661,1,34.99,Online Store,41200137240773,9/27/2023,First-time
2049,5016514592965,109121,1,29.74,Online Store,41200137240773,9/25/2023,First-time
2050,5016114004165,109041,1,34.99,Online Store,41200137240773,9/25/2023,First-time
2051,5019239710917,109861,1,34.99,Online Store,41200137240773,9/28/2023,First-time
2052,5013049573573,108501,1,29.74,Online Store,41200137240773,9/22/2023,First-time
2053,5017806799045,109491,1,29.74,Online Store,41200137240773,9/27/2023,First-time
2054,5005786939589,107721,1,0,Draft Orders,41200137240773,9/18/2023,First-time
2055,5020950855877,110111,1,29.73,Online Store,41200137240773,9/30/2023,First-time
2056,5018807042245,109721,1,29.74,Online Store,41200137240773,9/28/2023,First-time
2057,5005717962949,107701,1,29.75,Online Store,41200137240773,9/18/2023,First-time
2058,5011038929093,108131,1,29.74,Online Store,41200137240773,9/20/2023,First-time
2059,5013475131589,108591,1,34.99,Online Store,41200137240773,9/22/2023,First-time
2060,5004305694917,107321,2,69.98,Online Store,41200137240773,9/16/2023,First-time
2061,5019117289669,109841,0,0,Facebook & Instagram,41200137240773,9/29/2023,First-time
2062,5019117289669,109841,1,37.09,Facebook & Instagram,41200137240773,9/28/2023,First-time
2063,5011183435973,108171,1,0,Draft Orders,41200137240773,9/20/2023,First-time
2064,5009911906501,108081,1,34.99,Online Store,41200137240773,9/20/2023,First-time
2065,5005214154949,107621,1,29.74,Online Store,41200137240773,9/17/2023,First-time
2066,5014584721605,108791,1,34.99,Online Store,41200137240773,9/23/2023,First-time
2067,5006875099333,107911,1,34.99,Online Store,41200137240773,9/19/2023,First-time
2068,5021375103173,110251,1,29.74,Online Store,41200137240773,9/30/2023,First-time
2069,5014176432325,108741,1,29.74,Online Store,41200137240773,9/23/2023,First-time
2070,5005116539077,107591,3,104.97,Online Store,41200137240773,9/17/2023,First-time
2071,5016536154309,109131,1,34.99,Online Store,41200137240773,9/25/2023,First-time
2072,5015002742981,108841,1,34.99,Online Store,41200137240773,9/24/2023,First-time
2073,5005672579269,107671,1,34.99,Online Store,41200137240773,9/18/2023,First-time
2074,5010801557701,108101,1,29.74,Online Store,41200137240773,9/20/2023,First-time
2075,5015946887365,109021,12,251.88,Draft Orders,41200137240773,9/25/2023,Returning
2076,5002799448261,107101,1,29.74,Online Store,41200137240773,9/15/2023,First-time
2077,5015458349253,108941,1,34.99,Online Store,41200137240773,9/24/2023,First-time
2078,5021687644357,110351,1,34.99,Online Store,41200137240773,9/30/2023,First-time
2079,5016402755781,109101,1,29.73,Online Store,41200137240773,9/25/2023,First-time
2080,5012474265797,108441,1,34.99,Online Store,41200137240773,9/21/2023,First-time
2081,4938930684101,92901,1,34.99,Online Store,41200129999045,7/16/2023,First-time
2082,4978781847749,101681,1,29.74,Online Store,41200129999045,8/24/2023,First-time
2083,4982156001477,102511,1,29.74,Online Store,41200129999045,8/27/2023,First-time
2084,4981728837829,102371,1,29.74,Online Store,41200129999045,8/27/2023,First-time
2085,4988693840069,103651,1,29.74,Online Store,41200129999045,9/1/2023,First-time
2086,4999374340293,106321,1,29.74,Online Store,41200129999045,9/12/2023,First-time
2087,4997977276613,105921,1,34.99,Online Store,41200129999045,9/10/2023,First-time
2088,4936644034757,92321,1,29.74,Online Store,41200129999045,7/14/2023,First-time
2089,4936480030917,92301,1,34.99,Online Store,41200129999045,7/14/2023,Returning
2090,4968756641989,99551,1,34.99,Online Store,41200129999045,8/14/2023,First-time
2091,4949373714629,95451,1,34.99,Online Store,41200129999045,7/27/2023,First-time
2092,4958422139077,97211,3,62.97,Draft Orders,41200129999045,8/4/2023,Returning
2093,4944719708357,94151,1,29.74,Online Store,41200129999045,7/22/2023,Returning
2094,4969599369413,99741,1,34.99,Online Store,41200129999045,8/15/2023,First-time
2095,4942592868549,93711,1,34.99,Online Store,41200129999045,7/20/2023,First-time
2096,4989120872645,103701,1,34.99,Online Store,41200129999045,9/2/2023,First-time
2097,4979713343685,101931,1,29.74,Online Store,41200129999045,8/25/2023,First-time
2098,4942257553605,93651,1,34.99,Online Store,41200129999045,7/19/2023,First-time
2099,4970569826501,99961,1,29.74,Online Store,41200129999045,8/16/2023,First-time
2100,4994871492805,104871,1,29.74,Online Store,41200129999045,9/7/2023,First-time
2101,4963586539717,98221,1,34.99,Online Store,41200129999045,8/9/2023,First-time
2102,4984774787269,103101,1,29.74,Online Store,41200129999045,8/29/2023,First-time
2103,4973761200325,100581,1,34.99,Online Store,41200129999045,8/19/2023,First-time
2104,4974986461381,100801,1,34.99,Online Store,41200129999045,8/20/2023,First-time
2105,4975311847621,100831,1,34.99,Online Store,41200129999045,8/21/2023,First-time
2106,4960868237509,97641,1,29.74,Online Store,41200129999045,8/6/2023,First-time
2107,4940442632389,93231,1,34.99,Online Store,41200129999045,7/18/2023,First-time
2108,4964400726213,98471,1,29.74,Online Store,41200129999045,8/10/2023,First-time
2109,4941340803269,93471,1,34.99,Online Store,41200129999045,7/19/2023,First-time
2110,4960760398021,97621,1,34.99,Online Store,41200129999045,8/6/2023,First-time
2111,4977634869445,101381,1,29.74,Online Store,41200129999045,8/23/2023,First-time
2112,4932519035077,91621,1,34.99,Online Store,41200129999045,7/10/2023,First-time
2113,4955246559429,96511,6,125.94,Draft Orders,41200129999045,8/1/2023,First-time
2114,4949945843909,95541,1,29.74,Online Store,41200129999045,7/27/2023,First-time
2115,4923441578181,89511,1,29.74,Online Store,41200129999045,7/1/2023,First-time
2116,4930702737605,91251,0,0,Facebook & Instagram,41200129999045,7/10/2023,First-time
2117,4930702737605,91251,1,38.01,Facebook & Instagram,41200129999045,7/8/2023,First-time
2118,4970597712069,99991,1,29.74,Online Store,41200129999045,8/16/2023,First-time
2119,4930962849989,91301,1,34.99,Online Store,41200129999045,7/8/2023,First-time
2120,4964864458949,98571,1,29.73,Online Store,41200129999045,8/10/2023,First-time
2121,4989681172677,103831,1,34.99,Online Store,41200129999045,9/2/2023,First-time
2122,4940827951301,93331,1,34.99,Online Store,41200129999045,7/18/2023,First-time
2123,4954978648261,96441,1,36.65,Facebook & Instagram,41200129999045,8/1/2023,First-time
2124,5000215363781,106551,1,29.74,Online Store,41200129999045,9/13/2023,First-time
2125,4942325317829,93691,1,29.74,Online Store,41200129999045,7/19/2023,First-time
2126,4952267751621,95901,1,29.74,Online Store,41200129999045,7/29/2023,First-time
2127,4945129144517,94291,1,29.74,Online Store,41200129999045,7/22/2023,First-time
2128,4958467096773,97221,1,29.74,Online Store,41200129999045,8/4/2023,First-time
2129,4985634357445,103241,1,34.99,Online Store,41200129999045,8/30/2023,First-time
2130,4993529479365,104571,1,34.99,Online Store,41200129999045,9/6/2023,First-time
2131,4976928489669,101181,2,41.98,Draft Orders,41200129999045,8/22/2023,First-time
2132,4994861629637,104861,1,34.99,Online Store,41200129999045,9/7/2023,First-time
2133,4958213505221,97111,1,34.99,Online Store,41200129999045,8/4/2023,First-time
2134,4980203028677,102081,1,29.74,Online Store,41200129999045,8/25/2023,First-time
2135,4950243311813,95611,1,29.74,Online Store,41200129999045,7/27/2023,First-time
2136,4975445901509,100871,1,34.99,Online Store,41200129999045,8/21/2023,First-time
2137,4990329880773,103991,3,89.22,Online Store,41200129999045,9/3/2023,First-time
2138,4994667577541,104791,1,34.99,Online Store,41200129999045,9/7/2023,First-time
2139,4979344605381,101841,1,34.99,Online Store,41200129999045,8/24/2023,First-time
2140,4968577597637,99521,1,29.74,Online Store,41200129999045,8/14/2023,First-time
2141,4983131799749,102681,1,34.99,Online Store,41200129999045,8/28/2023,First-time
2142,4947032408261,94871,1,29.74,Online Store,41200129999045,7/24/2023,First-time
2143,4984235786437,102961,1,0,Draft Orders,41200129999045,8/29/2023,First-time
2144,4958009950405,97091,1,34.99,Online Store,41200129999045,8/4/2023,Returning
2145,4982319317189,102571,1,34.99,Online Store,41200129999045,8/27/2023,First-time
2146,4945988812997,94581,1,34.99,Online Store,41200129999045,7/23/2023,First-time
2147,4974615888069,100721,1,34.99,Online Store,41200129999045,8/20/2023,First-time
2148,5001799565509,106921,3,74.97,Draft Orders,41200129999045,9/14/2023,First-time
2149,4953113755845,96021,1,29.74,Online Store,41200129999045,7/30/2023,First-time
2150,4924536684741,89801,1,34.99,Online Store,41200129999045,7/2/2023,First-time
2151,4948964573381,95371,1,29.73,Online Store,41200129999045,7/26/2023,First-time
2152,4950463971525,95651,1,34.99,Online Store,41200129999045,7/28/2023,First-time
2153,4962715631813,97941,1,34.99,Online Store,41200129999045,8/8/2023,First-time
2154,4943078752453,93811,1,34.99,Online Store,41200129999045,7/20/2023,First-time
2155,4968355954885,99461,1,29.74,Online Store,41200129999045,8/14/2023,First-time
2156,4997845876933,105841,1,34.99,Online Store,41200129999045,9/10/2023,First-time
2157,4938983342277,92911,1,34.99,Online Store,41200129999045,7/16/2023,First-time
2158,4945624957125,94431,1,34.99,Online Store,41200129999045,7/23/2023,Returning
2159,4945182556357,94321,1,29.73,Online Store,41200129999045,7/22/2023,First-time
2160,4957146054853,96901,1,34.99,Online Store,41200129999045,8/3/2023,Returning
2161,4948567621829,95301,1,34.99,Online Store,41200129999045,7/26/2023,First-time
2162,4930895315141,91281,1,34.99,Online Store,41200129999045,7/8/2023,First-time
2163,4931417866437,91431,1,34.99,Online Store,41200129999045,7/9/2023,First-time
2164,4954808778949,96371,1,29.73,Online Store,41200129999045,8/1/2023,First-time
2165,4978677055685,101651,1,29.74,Online Store,41200129999045,8/24/2023,First-time
2166,4967109394629,99111,1,34.99,Online Store,41200129999045,8/12/2023,First-time
2167,4989192995013,103741,3,89.22,Online Store,41200129999045,9/2/2023,First-time
2168,4985831817413,103321,12,251.88,Draft Orders,41200129999045,8/30/2023,Returning
2169,4996304797893,105341,1,29.74,Online Store,41200129999045,9/8/2023,First-time
2170,4997328142533,105641,1,29.74,Online Store,41200129999045,9/10/2023,First-time
2171,4962873540805,98031,1,34.99,Online Store,41200129999045,8/8/2023,First-time
2172,4925465952453,90041,1,37.09,Facebook & Instagram,41200129999045,7/3/2023,First-time
2173,4982118449349,102471,1,34.99,Online Store,41200129999045,8/27/2023,Returning
2174,4942073397445,93581,1,34.99,Online Store,41200129999045,7/19/2023,First-time
2175,4938350133445,92771,1,34.99,Online Store,41200129999045,7/15/2023,First-time
2176,4982990340293,102641,1,34.99,Online Store,41200129999045,8/28/2023,First-time
2177,4954459668677,96341,1,29.74,Online Store,41200129999045,7/31/2023,First-time
2178,4940681609413,93311,1,29.73,Online Store,41200129999045,7/18/2023,First-time
2179,4962764521669,97981,1,34.99,Online Store,41200129999045,8/8/2023,First-time
2180,4957107454149,96871,1,29.74,Online Store,41200129999045,8/3/2023,First-time
2181,4945237508293,94341,1,29.74,Online Store,41200129999045,7/22/2023,First-time
2182,4941526827205,93501,1,29.74,Online Store,41200129999045,7/19/2023,First-time
2183,4980855963845,102191,2,69.98,Online Store,41200129999045,8/26/2023,First-time
2184,4961875493061,97841,1,34.99,Online Store,41200129999045,8/7/2023,First-time
2185,4938840735941,92871,1,34.99,Online Store,41200129999045,7/16/2023,Returning
2186,4927074205893,90471,1,37.44,Facebook & Instagram,41200129999045,7/4/2023,First-time
2187,4927074205893,90471,0,0,Facebook & Instagram,41200129999045,7/5/2023,First-time
2188,4945484841157,94391,1,34.99,Online Store,41200129999045,7/23/2023,First-time
2189,4945105944773,94281,0,0,Facebook & Instagram,41200129999045,7/24/2023,First-time
2190,4945105944773,94281,1,37.09,Facebook & Instagram,41200129999045,7/22/2023,First-time
2191,4955666317509,96591,1,29.74,Online Store,41200129999045,8/2/2023,First-time
2192,4952020943045,95861,1,34.99,Online Store,41200129999045,7/29/2023,First-time
2193,5001399206085,106811,1,34.99,Online Store,41200129999045,9/14/2023,First-time
2194,4955030061253,96461,1,34.99,Online Store,41200129999045,8/1/2023,First-time
2195,4993969127621,104641,2,69.98,Online Store,41200129999045,9/6/2023,First-time
2196,4928530743493,90701,1,34.99,Online Store,41200129999045,7/6/2023,First-time
2197,4977960911045,101501,1,34.99,Online Store,41200129999045,8/23/2023,First-time
2198,4996289200325,105331,1,37.09,Facebook & Instagram,41200129999045,9/8/2023,First-time
2199,4996289200325,105331,0,0,Facebook & Instagram,41200129999045,9/11/2023,First-time
2200,4938631282885,92841,1,34.99,Online Store,41200129999045,7/16/2023,Returning
2201,4983519019205,102781,1,29.74,Online Store,41200129999045,8/28/2023,First-time
2202,4938615521477,92821,1,29.74,Online Store,41200129999045,7/16/2023,First-time
2203,4961564885189,97751,1,34.99,Online Store,41200129999045,8/7/2023,First-time
2204,4998982271173,106201,1,29.74,Online Store,41200129999045,9/11/2023,First-time
2205,4937429876933,92561,1,29.74,Online Store,41200129999045,7/15/2023,First-time
2206,4993168834757,104501,0,0,Facebook & Instagram,41200129999045,9/6/2023,First-time
2207,4993168834757,104501,1,38.58,Facebook & Instagram,41200129999045,9/5/2023,First-time
2208,5002248683717,107041,1,29.74,Online Store,41200129999045,9/15/2023,First-time
2209,4937021489349,92451,1,29.74,Online Store,41200129999045,7/14/2023,First-time
2210,4959573803205,97441,1,34.99,Online Store,41200129999045,8/5/2023,Returning
2211,4948466204869,95261,1,29.74,Online Store,41200129999045,7/26/2023,First-time
2212,4965811421381,98781,1,34.99,Online Store,41200129999045,8/11/2023,First-time
2213,4949036138693,95401,1,34.99,Online Store,41200129999045,7/26/2023,First-time
2214,4967294632133,99161,1,29.74,Online Store,41200129999045,8/13/2023,First-time
2215,5001336455365,106771,1,29.74,Online Store,41200129999045,9/14/2023,Returning
2216,4927899631813,90571,1,34.99,Online Store,41200129999045,7/5/2023,First-time
2217,4950331261125,95631,1,36.64,Facebook & Instagram,41200129999045,7/28/2023,First-time
2218,5001231564997,106731,1,34.99,Online Store,41200129999045,9/14/2023,First-time
2219,4979645153477,101901,1,34.99,Online Store,41200129999045,8/25/2023,First-time
2220,4981964406981,102441,1,34.99,Shop,41200129999045,8/27/2023,First-time
2221,4952732238021,95951,1,34.99,Online Store,41200129999045,7/30/2023,First-time
2222,4974601044165,100691,1,34.99,Online Store,41200129999045,8/20/2023,First-time
2223,4946276810949,94651,1,37.96,Online Store,41200129999045,7/24/2023,First-time
2224,4947340591301,94941,1,29.74,Online Store,41200129999045,7/25/2023,First-time
2225,4956907765957,96781,1,37.18,Facebook & Instagram,41200129999045,8/3/2023,First-time
2226,4933678923973,91851,1,34.99,Online Store,41200129999045,7/11/2023,First-time
2227,4990693048517,104051,1,29.74,Online Store,41200129999045,9/3/2023,First-time
2228,4931496804549,91461,1,29.74,Online Store,41200129999045,7/9/2023,First-time
2229,5000201896133,106541,1,29.74,Online Store,41200129999045,9/13/2023,First-time
2230,4968326922437,99451,1,37.31,Facebook & Instagram,41200129999045,8/14/2023,First-time
2231,4991863357637,104301,1,34.99,Online Store,41200129999045,9/4/2023,First-time
2232,4985786532037,103311,1,34.99,Online Store,41200129999045,8/30/2023,First-time
2233,5001373286597,106791,2,69.98,Online Store,41200129999045,9/14/2023,First-time
2234,4968967667909,99631,1,34.99,Online Store,41200129999045,8/14/2023,First-time
2235,4975616491717,100911,1,34.99,Online Store,41200129999045,8/21/2023,First-time
2236,4963244605637,98141,1,34.99,Online Store,41200129999045,8/8/2023,First-time
2237,4988839690437,103671,1,29.74,Online Store,41200129999045,9/1/2023,First-time
2238,4931340206277,91401,0,0,Facebook & Instagram,41200129999045,7/10/2023,First-time
2239,4931340206277,91401,1,37.79,Facebook & Instagram,41200129999045,7/9/2023,First-time
2240,4929117683909,90841,1,29.74,Online Store,41200129999045,7/6/2023,First-time
2241,4969359147205,99701,1,34.99,Online Store,41200129999045,8/15/2023,First-time
2242,4991422857413,104221,1,29.74,Online Store,41200129999045,9/4/2023,First-time
2243,4933346033861,91771,2,69.98,Online Store,41200129999045,7/11/2023,First-time
2244,4973616267461,100521,1,34.99,Online Store,41200129999045,8/19/2023,First-time
2245,4949342847173,95441,1,34.99,Online Store,41200129999045,7/27/2023,First-time
2246,4932758044869,91701,1,29.74,Online Store,41200129999045,7/10/2023,First-time
2247,4997796200645,105821,1,34.99,Online Store,41200129999045,9/10/2023,First-time
2248,4923928379589,89651,1,37.09,Facebook & Instagram,41200129999045,7/1/2023,First-time
2249,4923928379589,89651,0,0,Facebook & Instagram,41200129999045,7/3/2023,First-time
2250,4991483707589,104231,1,34.99,Online Store,41200129999045,9/4/2023,First-time
2251,4958228414661,97121,1,29.74,Online Store,41200129999045,8/4/2023,First-time
2252,4999967736005,106491,1,34.99,Online Store,41200129999045,9/12/2023,First-time
2253,4946718818501,94751,1,29.74,Online Store,41200129999045,7/24/2023,First-time
2254,4967947403461,99361,1,34.99,Online Store,41200129999045,8/13/2023,First-time
2255,4997987008709,105941,1,29.74,Online Store,41200129999045,9/10/2023,First-time
2256,4927612092613,90511,6,108,Draft Orders,41200129999045,7/5/2023,Returning
2257,4942113734853,93611,1,34.99,Online Store,41200129999045,7/19/2023,First-time
2258,4944926638277,94241,1,38.26,Online Store,41200129999045,7/22/2023,First-time
2259,4942219673797,93641,1,29.74,Online Store,41200129999045,7/19/2023,First-time
2260,4935752188101,92201,1,29.74,Online Store,41200129999045,7/13/2023,First-time
2261,4989281763525,103751,1,29.74,Online Store,41200129999045,9/2/2023,First-time
2262,4997999460549,105951,0,0,Facebook & Instagram,41200129999045,9/11/2023,First-time
2263,4997999460549,105951,1,37.44,Facebook & Instagram,41200129999045,9/10/2023,First-time
2264,4988431794373,103641,1,37.09,Facebook & Instagram,41200129999045,9/1/2023,Returning
2265,4988431794373,103641,0,0,Facebook & Instagram,41200129999045,9/5/2023,Returning
2266,4978120851653,101561,1,34.99,Online Store,41200129999045,8/23/2023,Returning
2267,4990656577733,104041,1,34.99,Online Store,41200129999045,9/3/2023,First-time
2268,4953394151621,96101,1,37.7,Online Store,41200129999045,7/31/2023,First-time
2269,4986754498757,103411,1,29.74,Online Store,41200129999045,8/31/2023,First-time
2270,4953864503493,96161,1,29.73,Online Store,41200129999045,7/31/2023,First-time
2271,4927935512773,90581,0,0,Facebook & Instagram,41200129999045,7/6/2023,First-time
2272,4927935512773,90581,1,37.7,Facebook & Instagram,41200129999045,7/5/2023,First-time
2273,4939308368069,93011,1,34.99,Online Store,41200129999045,7/16/2023,First-time
2274,4975327445189,100841,1,0,Draft Orders,41200129999045,8/21/2023,Returning
2275,4982667837637,102601,1,29.74,Online Store,41200129999045,8/28/2023,First-time
2276,4963095314629,98101,1,34.99,Online Store,41200129999045,8/8/2023,First-time
2277,4961234583749,97671,1,34.99,Online Store,41200129999045,8/7/2023,First-time
2278,4961533493445,97731,1,29.74,Online Store,41200129999045,8/7/2023,First-time
2279,4942286487749,93671,1,34.99,Online Store,41200129999045,7/19/2023,First-time
2280,4942286487749,93671,-1,-34.99,Online Store,41200129999045,7/20/2023,First-time
2281,4982131589317,102491,1,34.99,Online Store,41200129999045,8/27/2023,First-time
2282,4973063340229,100441,1,34.99,Online Store,41200129999045,8/18/2023,First-time
2283,4930850685125,91271,1,34.99,Online Store,41200129999045,7/8/2023,Returning
2284,4966684721349,99001,1,29.74,Online Store,41200129999045,8/12/2023,First-time
2285,4926149722309,90181,1,34.99,Online Store,41200129999045,7/3/2023,First-time
2286,4978176098501,101591,1,29.74,Online Store,41200129999045,8/23/2023,First-time
2287,4960652492997,97571,1,29.74,Online Store,41200129999045,8/6/2023,First-time
2288,4929198096581,90861,1,34.99,Online Store,41200129999045,7/6/2023,First-time
2289,4946023284933,94601,1,34.99,Online Store,41200129999045,7/23/2023,First-time
2290,4997046993093,105521,1,34.99,Online Store,41200129999045,9/9/2023,First-time
2291,4940512428229,93271,1,34.99,Online Store,41200129999045,7/18/2023,Returning
2292,4967064240325,99091,1,34.99,Online Store,41200129999045,8/12/2023,First-time
2293,4958881022149,97361,1,34.99,Online Store,41200129999045,8/4/2023,First-time
2294,4946993643717,94851,1,34.99,Online Store,41200129999045,7/24/2023,First-time
2295,4935465304261,92121,1,34.99,Online Store,41200129999045,7/13/2023,First-time
2296,4996350279877,105351,1,29.74,Online Store,41200129999045,9/8/2023,Returning
2297,4923560493253,89561,1,37.88,Facebook & Instagram,41200129999045,7/1/2023,First-time
2298,4981243674821,102271,1,29.74,Online Store,41200129999045,8/26/2023,First-time
2299,4940700745925,93321,1,34.99,Online Store,41200129999045,7/18/2023,First-time
2300,4932759716037,91711,1,29.74,Online Store,41200129999045,7/10/2023,First-time
2301,4995957752005,105251,1,34.99,Online Store,41200129999045,9/8/2023,First-time
2302,5006007795909,107771,1,48.76,Facebook & Instagram,42355999211717,9/18/2023,Returning
2303,5017377177797,109401,1,44.99,Online Store,42355999211717,9/26/2023,First-time
2304,5004438896837,107391,1,44.99,Online Store,42355999211717,9/16/2023,First-time
2305,5017755484357,109471,1,38.24,Online Store,42355999211717,9/27/2023,First-time
2306,5007224406213,107971,1,38.24,Online Store,42355999211717,9/19/2023,First-time
2307,5020581560517,110031,1,44.99,Online Store,42355999211717,9/29/2023,First-time
2308,4930351005893,91161,1,29.74,Online Store,41200107192517,7/8/2023,First-time
2309,4950151626949,95591,1,34.99,Online Store,41200107192517,7/27/2023,Returning
2310,4997771690181,105801,1,34.99,Online Store,41200107192517,9/10/2023,First-time
2311,4973686063301,100561,1,34.99,Online Store,41200107192517,8/19/2023,First-time
2312,4927488524485,90501,1,29.74,Online Store,41200107192517,7/5/2023,First-time
2313,4991642435781,104261,1,34.99,Online Store,41200107192517,9/4/2023,First-time
2314,4970482368709,99921,1,29.74,Online Store,41200107192517,8/16/2023,First-time
2315,4923168227525,89461,1,29.73,Online Store,41200107192517,7/1/2023,First-time
2316,4954894041285,96411,1,29.74,Online Store,41200107192517,8/1/2023,First-time
2317,4974466662597,100641,1,34.99,Online Store,41200107192517,8/20/2023,First-time
2318,4996350279877,105351,1,29.74,Online Store,41200107192517,9/8/2023,Returning
2319,4959573803205,97441,1,34.99,Online Store,41200107192517,8/5/2023,Returning
2320,4978177704133,101601,1,34.99,Online Store,41200107192517,8/23/2023,First-time
2321,4938631282885,92841,1,34.99,Online Store,41200107192517,7/16/2023,Returning
2322,4963244605637,98141,1,34.99,Online Store,41200107192517,8/8/2023,First-time
2323,4938264248517,92741,1,32.79,Online Store,41200107192517,7/15/2023,First-time
2324,4955246559429,96511,6,125.94,Draft Orders,41200107192517,8/1/2023,First-time
2325,4976846110917,101161,-1,-34.99,Online Store,41200107192517,8/22/2023,First-time
2326,4976846110917,101161,1,34.99,Online Store,41200107192517,8/22/2023,First-time
2327,4993876459717,104631,1,29.74,Online Store,41200107192517,9/6/2023,First-time
2328,4957585178821,97021,1,37.44,Facebook & Instagram,41200107192517,8/3/2023,First-time
2329,4957585178821,97021,0,0,Facebook & Instagram,41200107192517,8/4/2023,First-time
2330,4985481134277,103201,1,34.99,Online Store,41200107192517,8/30/2023,Returning
2331,4985898041541,103341,1,29.74,Online Store,41200107192517,8/30/2023,First-time
2332,4923396194501,89491,1,34.99,Online Store,41200107192517,7/1/2023,First-time
2333,4943660089541,93931,1,29.74,Online Store,41200107192517,7/21/2023,First-time
2334,4968756641989,99551,1,34.99,Online Store,41200107192517,8/14/2023,First-time
2335,4961964589253,97871,1,34.99,Online Store,41200107192517,8/7/2023,First-time
2336,4967978959045,99381,1,34.99,Online Store,41200107192517,8/13/2023,First-time
2337,4982319317189,102571,1,34.99,Online Store,41200107192517,8/27/2023,First-time
2338,4964263100613,98461,1,34.99,Online Store,41200107192517,8/9/2023,First-time
2339,4938626465989,92831,1,29.74,Online Store,41200107192517,7/16/2023,First-time
2340,4937111371973,92491,1,34.99,Online Store,41200107192517,7/14/2023,Returning
2341,4925864149189,90111,1,34.99,Online Store,41200107192517,7/3/2023,First-time
2342,4936423768261,92291,1,34.99,Online Store,41200107192517,7/14/2023,First-time
2343,4935237370053,92091,1,34.99,Online Store,41200107192517,7/13/2023,First-time
2344,4962715631813,97941,1,34.99,Online Store,41200107192517,8/8/2023,First-time
2345,4939092984005,92951,0,0,Facebook & Instagram,41200107192517,7/17/2023,First-time
2346,4939092984005,92951,1,37.71,Facebook & Instagram,41200107192517,7/16/2023,First-time
2347,4955933507781,96621,1,29.74,Online Store,41200107192517,8/2/2023,First-time
2348,4927612092613,90511,5,90,Draft Orders,41200107192517,7/5/2023,Returning
2349,4944719708357,94151,2,59.48,Online Store,41200107192517,7/22/2023,Returning
2350,5001799565509,106921,2,49.98,Draft Orders,41200107192517,9/14/2023,First-time
2351,4941204062405,93431,1,38.3,Facebook & Instagram,41200107192517,7/18/2023,First-time
2352,4941204062405,93431,0,0,Facebook & Instagram,41200107192517,7/19/2023,First-time
2353,4943774712005,93971,1,34.99,Online Store,41200107192517,7/21/2023,First-time
2354,4956536111301,96731,1,34.99,Online Store,41200107192517,8/2/2023,First-time
2355,4945624957125,94431,1,34.99,Online Store,41200107192517,7/23/2023,Returning
2356,4956897607877,96771,1,29.74,Online Store,41200107192517,8/3/2023,First-time
2357,4968543879365,99511,1,37.44,Facebook & Instagram,41200107192517,8/14/2023,First-time
2358,5001734095045,106891,1,34.99,Shop,41200107192517,9/14/2023,Returning
2359,4992932020421,104451,1,34.99,Online Store,41200107192517,9/5/2023,First-time
2360,4926007902405,90151,1,34.99,Online Store,41200107192517,7/3/2023,First-time
2361,4961954136261,97861,1,29.74,Online Store,41200107192517,8/7/2023,First-time
2362,4996704895173,105421,1,29.74,Online Store,41200107192517,9/9/2023,First-time
2363,4954342228165,96321,1,34.99,Online Store,41200107192517,7/31/2023,Returning
2364,4995391455429,105041,1,34.99,Online Store,41200107192517,9/8/2023,First-time
2365,4923509244101,89531,1,34.99,Online Store,41200107192517,7/1/2023,Returning
2366,4957293281477,96951,1,37.88,Facebook & Instagram,41200107192517,8/3/2023,First-time
2367,4997649301701,105721,1,29.74,Online Store,41200107192517,9/10/2023,First-time
2368,4942073397445,93581,1,34.99,Online Store,41200107192517,7/19/2023,First-time
2369,4972534563013,100381,1,0,Draft Orders,41200107192517,8/18/2023,Returning
2370,4997518491845,105671,1,29.74,Online Store,41200107192517,9/10/2023,First-time
2371,4945606344901,94411,1,29.74,Online Store,41200107192517,7/23/2023,First-time
2372,4953160155333,96041,1,37.92,Facebook & Instagram,41200107192517,7/30/2023,First-time
2373,4953160155333,96041,0,0,Facebook & Instagram,41200107192517,7/31/2023,First-time
2374,4937979920581,92701,1,34.99,Online Store,41200107192517,7/15/2023,First-time
2375,4963998531781,98391,1,29.74,Online Store,41200107192517,8/9/2023,First-time
2376,4941298991301,93461,1,34.99,Online Store,41200107192517,7/19/2023,First-time
2377,4925361029317,90001,1,32.56,Online Store,41200107192517,7/3/2023,First-time
2378,4935046365381,92071,1,29.73,Online Store,41200107192517,7/12/2023,First-time
2379,4929658945733,90951,1,34.99,Online Store,41200107192517,7/7/2023,First-time
2380,4930131067077,91141,1,29.74,Online Store,41200107192517,7/7/2023,First-time
2381,4957146054853,96901,1,34.99,Online Store,41200107192517,8/3/2023,Returning
2382,4958422139077,97211,3,62.97,Draft Orders,41200107192517,8/4/2023,Returning
2383,4956999778501,96831,1,29.74,Online Store,41200107192517,8/3/2023,First-time
2384,4965871452357,98811,1,29.74,Online Store,41200107192517,8/11/2023,First-time
2385,4953113755845,96021,1,29.74,Online Store,41200107192517,7/30/2023,First-time
2386,4945684037829,94451,1,29.73,Online Store,41200107192517,7/23/2023,First-time
2387,4989810213061,103871,1,34.99,Online Store,41200107192517,9/2/2023,Returning
2388,4987465007301,103551,1,29.74,Online Store,41200107192517,8/31/2023,First-time
2389,4967433765061,99211,1,29.74,Online Store,41200107192517,8/13/2023,First-time
2390,4931198058693,91351,1,34.99,Online Store,41200107192517,7/9/2023,First-time
2391,4949393572037,95461,1,34.99,Online Store,41200137240773,7/27/2023,First-time
2392,4994190049477,104681,1,34.99,Online Store,41200137240773,9/6/2023,First-time
2393,4936773107909,92371,1,29.74,Online Store,41200137240773,7/14/2023,First-time
2394,4946432131269,94681,1,34.99,Online Store,41200137240773,7/24/2023,First-time
2395,4998077808837,105991,1,34.99,Online Store,41200137240773,9/10/2023,First-time
2396,4984126472389,102891,1,0,Draft Orders,41200137240773,8/29/2023,First-time
2397,4961358414021,97681,1,29.74,Online Store,41200137240773,8/7/2023,First-time
2398,5001799565509,106921,1,24.99,Draft Orders,41200137240773,9/14/2023,First-time
2399,4932625825989,91651,1,29.73,Online Store,41200137240773,7/10/2023,First-time
2400,4989994303685,103901,1,34.99,Online Store,41200137240773,9/3/2023,First-time
2401,4961660108997,97801,1,0,Draft Orders,41200137240773,8/7/2023,First-time
2402,4955940749509,96631,1,29.74,Online Store,41200137240773,8/2/2023,First-time
2403,4990759993541,104081,1,34.99,Online Store,41200137240773,9/3/2023,First-time
2404,4969516695749,99721,4,0,Draft Orders,41200137240773,8/15/2023,First-time
2405,4995790438597,105161,1,0,Draft Orders,41200137240773,9/8/2023,First-time
2406,4980343046341,102151,2,59.47,Online Store,41200137240773,8/25/2023,First-time
2407,4981074559173,102241,2,59.48,Online Store,41200137240773,8/26/2023,First-time
2408,4949791047877,95501,1,34.99,Online Store,41200137240773,7/27/2023,First-time
2409,4953999048901,96231,1,0,Draft Orders,41200137240773,7/31/2023,First-time
2410,4980855963845,102191,3,104.97,Online Store,41200137240773,8/26/2023,First-time
2411,5000215363781,106551,1,29.74,Online Store,41200137240773,9/13/2023,First-time
2412,4970383147205,99871,1,34.99,Online Store,41200137240773,8/16/2023,First-time
2413,4947797803205,95071,1,34.99,Online Store,41200137240773,7/25/2023,First-time
2414,4935237370053,92091,1,34.99,Online Store,41200137240773,7/13/2023,First-time
2415,5001892692165,106961,1,29.74,Online Store,41200137240773,9/14/2023,First-time
2416,4975868444869,100981,1,34.99,Online Store,41200137240773,8/21/2023,First-time
2417,4969738993861,99781,1,0,Draft Orders,41200137240773,8/15/2023,First-time
2418,4962670313669,97931,1,0,Draft Orders,41200137240773,8/8/2023,First-time
2419,4985697403077,103261,1,29.74,Online Store,41200137240773,8/30/2023,First-time
2420,4973641728197,100531,1,34.99,Online Store,41200137240773,8/19/2023,First-time
2421,4979176210629,101781,1,38.13,Online Store,41200137240773,8/24/2023,First-time
2422,4906108715205,85581,-1,-35,Online Store,41200137240773,7/21/2023,First-time
2423,4935898104005,92221,1,37.82,Online Store,41200137240773,7/13/2023,First-time
2424,4944936206533,94251,1,34.99,Online Store,41200137240773,7/22/2023,First-time
2425,4931943760069,91581,1,34.99,Online Store,41200137240773,7/10/2023,First-time
2426,4945623187653,94421,1,29.73,Online Store,41200137240773,7/23/2023,First-time
2427,4976129147077,101051,1,34.99,Online Store,41200137240773,8/22/2023,First-time
2428,4982141354181,102501,1,34.99,Online Store,41200137240773,8/27/2023,First-time
2429,4995285516485,105021,1,29.74,Online Store,41200137240773,9/7/2023,First-time
2430,4963277865157,98181,1,34.99,Online Store,41200137240773,8/8/2023,First-time
2431,4958386979013,97201,1,34.99,Online Store,41200137240773,8/4/2023,First-time
2432,4926738792645,90331,1,34.99,Online Store,41200137240773,7/4/2023,First-time
2433,4959479038149,97421,1,34.99,Online Store,41200137240773,8/5/2023,First-time
2434,4927981813957,90601,1,29.74,Online Store,41200137240773,7/5/2023,First-time
2435,4948935966917,95361,1,29.74,Online Store,41200137240773,7/26/2023,First-time
2436,4997593071813,105711,1,34.99,Online Store,41200137240773,9/10/2023,Returning
2437,4939519590597,93041,1,29.74,Online Store,41200137240773,7/17/2023,First-time
2438,4924392538309,89741,1,34.99,Online Store,41200137240773,7/2/2023,First-time
2439,4964017504453,98411,1,0,Draft Orders,41200137240773,8/9/2023,Returning
2440,4963991683269,98381,1,34.99,Online Store,41200137240773,8/9/2023,First-time
2441,4965214748869,98661,1,29.74,Online Store,41200137240773,8/10/2023,First-time
2442,4968864874693,99591,1,34.99,Online Store,41200137240773,8/14/2023,Returning
2443,4977426956485,101371,1,34.99,Online Store,41200137240773,8/23/2023,First-time
2444,4941856112837,93521,1,34.99,Online Store,41200137240773,7/19/2023,First-time
2445,4942867792069,93751,1,34.99,Online Store,41200137240773,7/20/2023,First-time
2446,4926796202181,90371,1,29.74,Online Store,41200137240773,7/4/2023,First-time
2447,4995150020805,104981,4,139.96,Online Store,41200137240773,9/7/2023,Returning
2448,4975408480453,100851,2,69.98,Online Store,41200137240773,8/21/2023,First-time
2449,4948925546693,95351,3,89.22,Online Store,41200137240773,7/26/2023,First-time
2450,4942053933253,93561,1,34.99,Online Store,41200137240773,7/19/2023,First-time
2451,4945675419845,94441,1,29.73,Online Store,41200137240773,7/23/2023,First-time
2452,4994340716741,104721,1,0,Draft Orders,41200137240773,9/7/2023,First-time
2453,5001707126981,106871,1,29.74,Online Store,41200137240773,9/14/2023,First-time
2454,4950811082949,95701,1,34.99,Online Store,41200137240773,7/28/2023,First-time
2455,4965781110981,98771,1,29.74,Online Store,41200137240773,8/11/2023,Returning
2456,4937264496837,92531,1,29.74,Online Store,41200137240773,7/14/2023,First-time
2457,4928929366213,90791,1,37.96,Online Store,41200137240773,7/6/2023,First-time
2458,4999876116677,106461,1,29.74,Online Store,41200137240773,9/12/2023,First-time
2459,4973886537925,100601,1,34.99,Online Store,41200137240773,8/19/2023,First-time
2460,4956999155909,96821,2,69.98,Online Store,41200137240773,8/3/2023,First-time
2461,4961875493061,97841,1,34.99,Online Store,41200137240773,8/7/2023,First-time
2462,4993478951109,104541,1,34.99,Online Store,41200137240773,9/6/2023,First-time
2463,4992160760005,104341,1,32.04,Online Store,41200137240773,9/4/2023,First-time
2464,4926844633285,90381,1,34.99,Online Store,41200137240773,7/4/2023,First-time
2465,4943843983557,94001,1,34.99,Online Store,41200137240773,7/21/2023,First-time
2466,4978172920005,101581,1,29.74,Online Store,41200137240773,8/23/2023,First-time
2467,4998338117829,106031,1,34.99,Online Store,41200137240773,9/11/2023,First-time
2468,4981700296901,102361,1,34.99,Online Store,41200137240773,8/27/2023,First-time
2469,4983389520069,102731,1,0,Draft Orders,41200137240773,8/28/2023,First-time
2470,4946007720133,94591,1,34.99,Online Store,41200137240773,7/23/2023,First-time
2471,4946007720133,94591,-1,-34.99,Online Store,41200137240773,7/24/2023,First-time
2472,4946715836613,94741,1,0,Draft Orders,41200137240773,7/24/2023,First-time
2473,4973853475013,100591,1,34.99,Online Store,41200137240773,8/19/2023,First-time
2474,4985715196101,103271,1,34.99,Online Store,41200137240773,8/30/2023,First-time
2475,4997023727813,105511,1,29.74,Online Store,41200137240773,9/9/2023,First-time
2476,4979738050757,101961,1,29.74,Online Store,41200137240773,8/25/2023,First-time
2477,4984498094277,103041,1,29.73,Online Store,41200137240773,8/29/2023,First-time
2478,4983607296197,102801,1,29.74,Online Store,41200137240773,8/28/2023,First-time
2479,4970570514629,99971,1,37.79,Online Store,41200137240773,8/16/2023,First-time
2480,4945542480069,94401,1,34.99,Online Store,41200137240773,7/23/2023,First-time
2481,4960712786117,97591,1,29.74,Online Store,41200137240773,8/6/2023,First-time
2482,4976928489669,101181,18,377.82,Draft Orders,41200137240773,8/22/2023,First-time
2483,4951678714053,95811,1,34.99,Online Store,41200137240773,7/29/2023,First-time
2484,4962859876549,98011,1,29.74,Online Store,41200137240773,8/8/2023,First-time
2485,4958659641541,97321,1,34.99,Online Store,41200137240773,8/4/2023,First-time
2486,4979810304197,101991,2,59.48,Online Store,41200137240773,8/25/2023,First-time
2487,5000114241733,106531,1,34.99,Online Store,41200137240773,9/13/2023,First-time
2488,4945186160837,94331,1,34.99,Online Store,41200137240773,7/22/2023,First-time
2489,4997151293637,105541,1,29.73,Online Store,41200137240773,9/9/2023,First-time
2490,4924915220677,89911,1,34.99,Online Store,41200137240773,7/2/2023,First-time
2491,4997653397701,105731,1,29.74,Online Store,41200137240773,9/10/2023,First-time
2492,4964617027781,98511,1,17.5,Online Store,41200137240773,8/10/2023,First-time
2493,4938602447045,92811,0,0,Facebook & Instagram,41200137240773,7/17/2023,First-time
2494,4938602447045,92811,3,113.76,Facebook & Instagram,41200137240773,7/16/2023,First-time
2495,4937041772741,92461,1,29.74,Online Store,41200137240773,7/14/2023,First-time
2496,4957126951109,96881,1,29.73,Online Store,41200137240773,8/3/2023,First-time
2497,4944617046213,94111,1,34.99,Online Store,41200137240773,7/22/2023,First-time
2498,4980244578501,102101,1,0,Draft Orders,41200137240773,8/25/2023,Returning
2499,4990227742917,103961,1,34.99,Online Store,41200137240773,9/3/2023,First-time
2500,4973372506309,100511,1,34.99,Online Store,41200137240773,8/19/2023,First-time
2501,4983679385797,102841,1,34.99,Online Store,41200137240773,8/28/2023,First-time
2502,4939513200837,93031,1,34.99,Online Store,41200137240773,7/17/2023,First-time
2503,4923961835717,89681,1,34.99,Online Store,41200137240773,7/1/2023,First-time
2504,4929385070789,90901,1,34.99,Online Store,41200137240773,7/7/2023,First-time
2505,4982773448901,102631,1,29.74,Online Store,41200137240773,8/28/2023,First-time
2506,4941526827205,93501,1,29.74,Online Store,41200137240773,7/19/2023,First-time
2507,4943688171717,93941,1,34.99,Online Store,41200137240773,7/21/2023,First-time
2508,4960727695557,97601,1,34.99,Online Store,41200137240773,8/6/2023,First-time
2509,4924769272005,89871,1,34.99,Online Store,41200137240773,7/2/2023,First-time
2510,4973164265669,100471,1,34.99,Online Store,41200137240773,8/18/2023,First-time
2511,4969845326021,99791,1,34.99,Online Store,41200137240773,8/15/2023,First-time
2512,4932916412613,91731,1,29.73,Online Store,41200137240773,7/10/2023,First-time
2513,4956450160837,96691,1,29.74,Online Store,41200137240773,8/2/2023,First-time
2514,4999927922885,106471,1,34.99,Online Store,41200137240773,9/12/2023,First-time
2515,4964590584005,98491,1,29.74,Online Store,41200137240773,8/10/2023,First-time
2516,4927612092613,90511,8,144,Draft Orders,41200137240773,7/5/2023,Returning
2517,4936768913605,92361,1,34.99,Online Store,41200137240773,7/14/2023,First-time
2518,4945774837957,94491,1,34.99,Online Store,41200137240773,7/23/2023,First-time
2519,4956532441285,96721,1,38.58,Online Store,41200137240773,8/2/2023,Returning
2520,4995207954629,104991,1,34.99,Online Store,41200137240773,9/7/2023,First-time
2521,4943430123717,93911,1,29.74,Online Store,41200137240773,7/20/2023,First-time
2522,4950601728197,95671,1,29.74,Online Store,41200137240773,7/28/2023,First-time
2523,4981876261061,102411,1,34.99,Online Store,41200137240773,8/27/2023,Returning
2524,4958422139077,97211,3,62.97,Draft Orders,41200137240773,8/4/2023,Returning
2525,4976666575045,101111,4,0,Draft Orders,41200137240773,8/22/2023,Returning
2526,4976577249477,101071,1,37.31,Facebook & Instagram,41200137240773,8/22/2023,First-time
2527,4962720022725,97951,1,0,Draft Orders,41200137240773,8/8/2023,First-time
2528,4962720022725,97951,-1,0,Draft Orders,41200137240773,8/8/2023,First-time
2529,4952682496197,95931,1,34.99,Online Store,41200137240773,7/30/2023,First-time
2530,4997176000709,105551,1,34.99,Online Store,41200137240773,9/9/2023,First-time
2531,4961921466565,97851,1,34.99,Online Store,41200137240773,8/7/2023,First-time
2532,4976623878341,101101,1,34.99,Online Store,41200137240773,8/22/2023,First-time
2533,4981751939269,102391,1,34.99,Online Store,41200137240773,8/27/2023,First-time
2534,4962514567365,97901,1,34.99,Online Store,41200137240773,8/8/2023,First-time
2535,4997181112517,105561,1,29.74,Online Store,41200137240773,9/9/2023,First-time
2536,4939935252677,93161,1,29.74,Online Store,41200137240773,7/17/2023,First-time
2537,4926688559301,90321,1,29.74,Online Store,41200137240773,7/4/2023,First-time
2538,4938102898885,92731,2,69.98,Online Store,41200137240773,7/15/2023,First-time
2539,4943784018117,93981,1,34.99,Online Store,41200137240773,7/21/2023,Returning
2540,4993748205765,104611,1,34.99,Online Store,41200137240773,9/6/2023,Returning
2541,4923539128517,89541,1,34.99,Online Store,41200137240773,7/1/2023,First-time
2542,4964694294725,98541,2,69.98,Online Store,41200137240773,8/10/2023,Returning
2543,4984187715781,102921,1,29.74,Online Store,41200137240773,8/29/2023,First-time
2544,4945700421829,94461,1,34.99,Online Store,41200137240773,7/23/2023,First-time
2545,4976611360965,101091,1,34.99,Online Store,41200137240773,8/22/2023,First-time
2546,4952685543621,95941,1,34.99,Online Store,41200137240773,7/30/2023,First-time
2547,4924635087045,89821,1,34.99,Online Store,41200137240773,7/2/2023,First-time
2548,4959464587461,97411,1,29.74,Online Store,41200137240773,8/5/2023,First-time
2549,4979325698245,101831,1,34.99,Online Store,41200137240773,8/24/2023,First-time
2550,4959963480261,97461,1,34.99,Online Store,41200137240773,8/5/2023,Returning
2551,4965871452357,98811,1,29.74,Online Store,41200137240773,8/11/2023,First-time
2552,4965227561157,98671,1,34.99,Online Store,41200137240773,8/10/2023,Returning
2553,4966461046981,98951,1,34.99,Online Store,41200137240773,8/12/2023,First-time
2554,4929888649413,91041,1,34.99,Online Store,41200137240773,7/7/2023,First-time
2555,4972874399941,100411,4,118.96,Online Store,41200137240773,8/18/2023,First-time
2556,4941144916165,93411,1,34.99,Online Store,41200137240773,7/18/2023,First-time
2557,4984563925189,103071,2,69.98,Online Store,41200137240773,8/29/2023,First-time
2558,4957095624901,96861,1,34.99,Online Store,41200137240773,8/3/2023,First-time
2559,5000674803909,106681,1,32.12,Online Store,41200137240773,9/13/2023,First-time
2560,4968983920837,99641,1,29.73,Online Store,41200137240773,8/14/2023,First-time
2561,4945798561989,94511,1,32.49,Online Store,41200137240773,7/23/2023,First-time
2562,4989156294853,103731,1,34.99,Online Store,41200137240773,9/2/2023,First-time
2563,4967930200261,99351,1,34.99,Online Store,41200137240773,8/13/2023,First-time
2564,4958632181957,97311,1,29.74,Online Store,41200137240773,8/4/2023,First-time
2565,4976709107909,101131,1,29.74,Online Store,41200137240773,8/22/2023,First-time
2566,4985301401797,103181,1,34.99,Online Store,41200137240773,8/30/2023,First-time
2567,4971446501573,100261,1,34.99,Online Store,41200137240773,8/17/2023,First-time
2568,4967832715461,99311,1,29.74,Online Store,41200137240773,8/13/2023,First-time
2569,4931596222661,91501,1,29.74,Online Store,41200137240773,7/9/2023,First-time
2570,4928662372549,90761,1,34.99,Online Store,41200137240773,7/6/2023,First-time
2571,4927975686341,90591,1,34.99,Online Store,41200137240773,7/5/2023,First-time
2572,4926149722309,90181,1,34.99,Online Store,41200137240773,7/3/2023,First-time
2573,4983623319749,102811,2,69.98,Online Store,41200137240773,8/28/2023,First-time
2574,4925967597765,90141,1,34.99,Online Store,41200137240773,7/3/2023,First-time
2575,4995837821125,105201,1,34.99,Online Store,41200137240773,9/8/2023,First-time
2576,4964007903429,98401,1,34.99,Online Store,41200137240773,8/9/2023,First-time
2577,4955246559429,96511,6,125.94,Draft Orders,41200137240773,8/1/2023,First-time
2578,4939879841989,93131,1,34.99,Online Store,41200137240773,7/17/2023,First-time
2579,4981376745669,102311,1,34.99,Online Store,41200137240773,8/26/2023,First-time
2580,4974615134405,100711,1,29.73,Online Store,41200137240773,8/20/2023,First-time
2581,4960219922629,97501,1,34.99,Online Store,41200137240773,8/6/2023,First-time
2582,4931866984645,91571,1,34.99,Online Store,41200137240773,7/9/2023,First-time
2583,4946975981765,94841,1,34.99,Online Store,41200137240773,7/24/2023,First-time
2584,4984239358149,102971,1,0,Draft Orders,41200137240773,8/29/2023,First-time
2585,4955133477061,96501,1,34.99,Online Store,41200137240773,8/1/2023,First-time
2586,4979727368389,101951,1,29.74,Online Store,41200137240773,8/25/2023,First-time
2587,4987402584261,103521,1,34.99,Online Store,41200137240773,8/31/2023,First-time
2588,4936607432901,92311,1,34.99,Online Store,41200137240773,7/14/2023,First-time
2589,4980239990981,102091,1,34.99,Draft Orders,41200137240773,8/25/2023,First-time
2590,4980239990981,102091,-1,-34.99,Draft Orders,41200137240773,8/25/2023,First-time
2591,4946799526085,94791,1,38.49,Online Store,41200137240773,7/24/2023,First-time
2592,4961697267909,97811,1,34.99,Online Store,41200137240773,8/7/2023,First-time
2593,4982210134213,102531,1,29.73,Online Store,41200137240773,8/27/2023,First-time
2594,4934392283333,91991,1,34.99,Online Store,41200137240773,7/12/2023,First-time
2595,4930414510277,91181,1,34.99,Online Store,41200137240773,7/8/2023,First-time
2596,4977771086021,101431,1,0,Draft Orders,41200137240773,8/23/2023,First-time
2597,4936708587717,92331,1,29.73,Online Store,41200137240773,7/14/2023,First-time
2598,4943997108421,94041,1,34.99,Online Store,41200137240773,7/21/2023,First-time
2599,4995522265285,105081,1,34.99,Online Store,41200137240773,9/8/2023,First-time
2600,4930506129605,91221,1,34.99,Online Store,41200137240773,7/8/2023,First-time
2601,4994603876549,104751,1,29.74,Online Store,41200137240773,9/7/2023,First-time
2602,4967505363141,99221,2,59.48,Online Store,41200137240773,8/13/2023,First-time
2603,4963921985733,98341,1,29.74,Online Store,41200137240773,8/9/2023,First-time
2604,4923856519365,89621,1,34.99,Online Store,41200137240773,7/1/2023,First-time
2605,4963861070021,98311,1,0,Draft Orders,41200137240773,8/9/2023,First-time
2606,4942090010821,93601,1,29.74,Online Store,41200137240773,7/19/2023,First-time
2607,4974474985669,100661,2,69.98,Online Store,41200137240773,8/20/2023,First-time
2608,4966432866501,98941,1,29.73,Online Store,41200137240773,8/12/2023,First-time
2609,4951803232453,95821,1,34.99,Online Store,41200137240773,7/29/2023,First-time
2610,4974418919621,100631,1,34.99,Online Store,41200137240773,8/20/2023,First-time
2611,4975978315973,101021,0,0,Facebook & Instagram,41200137240773,8/22/2023,First-time
2612,4975978315973,101021,1,37.44,Facebook & Instagram,41200137240773,8/21/2023,First-time
2613,4948169818309,95201,1,34.99,Online Store,41200137240773,7/25/2023,First-time
2614,4998047793349,105981,1,29.74,Online Store,41200137240773,9/10/2023,First-time
2615,4977221370053,101281,1,34.99,Online Store,41200137240773,8/22/2023,First-time
2616,4954162921669,96251,1,34.99,Online Store,41200137240773,7/31/2023,First-time
2617,4965915754693,98821,2,69.98,Online Store,41200137240773,8/11/2023,Returning
2618,4942686879941,93731,1,29.74,Online Store,41200137240773,7/20/2023,First-time
2619,4943980724421,94031,36,755.64,Draft Orders,41200137240773,7/21/2023,First-time
2620,4998392774853,106041,1,0,Draft Orders,41200137240773,9/11/2023,First-time
2621,4991418433733,104211,1,29.74,Online Store,41200137240773,9/4/2023,First-time
2622,4979791003845,101971,2,0,Draft Orders,41200137240773,8/25/2023,Returning
2623,4995462103237,105071,1,34.99,Online Store,41200137240773,9/8/2023,First-time
2624,4951052091589,95741,1,29.73,Online Store,41200137240773,7/28/2023,First-time
2625,4944770236613,94181,1,29.73,Online Store,41200137240773,7/22/2023,First-time
2626,4948573323461,95311,1,29.74,Online Store,41200137240773,7/26/2023,First-time
2627,4946310332613,94661,1,34.99,Online Store,41200137240773,7/24/2023,First-time
2628,4965501403333,98721,1,34.99,Online Store,41200137240773,8/11/2023,First-time
2629,4962715631813,97941,1,34.99,Online Store,41200137240773,8/8/2023,First-time
2630,4997907775685,105881,3,104.97,Online Store,41200137240773,9/10/2023,Returning
2631,4942200537285,93631,1,34.99,Online Store,41200137240773,7/19/2023,First-time
2632,4941142360261,93401,1,34.99,Online Store,41200137240773,7/18/2023,First-time
2633,5016114004165,109041,1,34.99,Online Store,41200129999045,9/25/2023,First-time
2634,5007228764357,107981,1,29.74,Online Store,41200129999045,9/19/2023,First-time
2635,5004680593605,107451,1,34.99,Online Store,41200129999045,9/17/2023,First-time
2636,5021161160901,110201,1,29.74,Online Store,41200129999045,9/30/2023,First-time
2637,5007262286021,107991,1,29.73,Online Store,41200129999045,9/19/2023,First-time
2638,5007316943045,108001,1,34.99,Online Store,41200129999045,9/19/2023,First-time
2639,5004776407237,107471,1,34.99,Online Store,41200129999045,9/17/2023,First-time
2640,5020086993093,109961,1,29.74,Online Store,41200129999045,9/29/2023,First-time
2641,5021001973957,110131,1,34.99,Shop,41200129999045,9/30/2023,First-time
2642,5014713991365,108801,1,34.99,Online Store,41200129999045,9/24/2023,First-time
2643,5004803506373,107501,1,29.74,Online Store,41200129999045,9/17/2023,First-time
2644,5019914043589,109911,1,29.74,Online Store,41200129999045,9/29/2023,First-time
2645,5013884600517,108661,1,29.74,Online Store,41200129999045,9/23/2023,Returning
2646,5003188437189,107171,1,29.74,Online Store,41200129999045,9/15/2023,First-time
2647,5014092611781,108731,1,34.99,Online Store,41200129999045,9/23/2023,First-time
2648,5005116702917,107601,1,29.73,Online Store,41200129999045,9/17/2023,First-time
2649,5018835615941,109741,2,69.98,Online Store,41200129999045,9/28/2023,Returning
2650,5011496075461,108221,2,69.98,Online Store,41200129999045,9/20/2023,First-time
2651,5014025437381,108671,1,29.74,Online Store,41200129999045,9/23/2023,First-time
2652,5013329412293,108581,1,37.44,Facebook & Instagram,41200129999045,9/22/2023,First-time
2653,5013329412293,108581,0,0,Facebook & Instagram,41200129999045,9/25/2023,First-time
2654,5012401062085,108411,1,29.74,Online Store,41200129999045,9/21/2023,First-time
2655,5014086713541,108721,1,29.74,Online Store,41200129999045,9/23/2023,First-time
2656,5021750657221,110371,1,29.73,Online Store,41200129999045,9/30/2023,First-time
2657,5017956778181,109541,1,34.99,Online Store,41200129999045,9/27/2023,First-time
2658,5015946887365,109021,12,251.88,Draft Orders,41200129999045,9/25/2023,Returning
2659,5017253839045,109341,2,69.98,Online Store,41200129999045,9/26/2023,Returning
2660,5018198147269,109621,1,29.74,Online Store,41200129999045,9/27/2023,First-time
2661,5016185929925,109061,1,34.99,Online Store,41200129999045,9/25/2023,First-time
2662,5013595750597,108621,1,29.74,Online Store,41200129999045,9/22/2023,Returning
2663,5003381113029,107201,2,69.98,Online Store,41200129999045,9/15/2023,Returning
2664,5011353632965,108201,1,34.99,Online Store,41200129999045,9/20/2023,First-time
2665,5011812122821,108281,1,34.99,Online Store,41200129999045,9/21/2023,First-time
2666,5016783192261,109161,1,0,Draft Orders,41200129999045,9/26/2023,Returning
2667,5021409968325,110261,1,34.99,Online Store,41200129999045,9/30/2023,First-time
2668,5004502728901,107421,1,34.99,Online Store,41200129999045,9/16/2023,First-time
2669,5018383286469,109671,1,34.99,Online Store,41200129999045,9/27/2023,Returning
2670,5006103904453,107781,1,34.99,Online Store,41200129999045,9/18/2023,First-time
2671,4944774004933,94191,1,37.7,Online Store,41200143827141,7/22/2023,Returning
2672,4967168475333,99141,1,34.99,Online Store,41200143827141,8/12/2023,First-time
2673,4981883764933,102421,0,0,Facebook & Instagram,41200143827141,8/28/2023,First-time
2674,4981883764933,102421,1,34.99,Facebook & Instagram,41200143827141,8/27/2023,First-time
2675,4963244605637,98141,1,34.99,Online Store,41200143827141,8/8/2023,First-time
2676,4991556976837,104251,1,34.99,Online Store,41200143827141,9/4/2023,First-time
2677,4936031076549,92251,1,34.99,Online Store,41200143827141,7/13/2023,First-time
2678,4966871269573,99031,1,29.74,Online Store,41200143827141,8/12/2023,First-time
2679,4968233042117,99401,1,34.99,Online Store,41200143827141,8/14/2023,First-time
2680,4953160155333,96041,1,37.92,Facebook & Instagram,41200143827141,7/30/2023,First-time
2681,4953160155333,96041,0,0,Facebook & Instagram,41200143827141,7/31/2023,First-time
2682,4926901846213,90401,1,34.99,Online Store,41200143827141,7/4/2023,First-time
2683,4945071079621,94271,2,69.98,Online Store,41200143827141,7/22/2023,First-time
2684,4930437218501,91201,1,29.74,Online Store,41200143827141,7/8/2023,First-time
2685,4978756747461,101661,1,34.99,Online Store,41200143827141,8/24/2023,First-time
2686,4955246559429,96511,3,62.97,Draft Orders,41200143827141,8/1/2023,First-time
2687,4937656369349,92591,1,34.99,Online Store,41200143827141,7/15/2023,First-time
2688,4951846584517,95831,1,34.99,Online Store,41200143827141,7/29/2023,First-time
2689,4939510841541,93021,1,29.74,Online Store,41200143827141,7/17/2023,First-time
2690,4968864874693,99591,1,34.99,Online Store,41200143827141,8/14/2023,Returning
2691,4930411724997,91171,1,29.74,Online Store,41200143827141,7/8/2023,First-time
2692,4958422139077,97211,3,62.97,Draft Orders,41200143827141,8/4/2023,Returning
2693,4983248748741,102711,2,69.98,Online Store,41200143827141,8/28/2023,First-time
2694,4981449916613,102351,1,34.99,Online Store,41200143827141,8/26/2023,Returning
2695,5004913443013,107521,1,38.23,Online Store,42355999244485,9/17/2023,First-time
2696,5020716466373,110081,1,38.24,Online Store,42355999244485,9/29/2023,First-time
2697,5006366736581,107831,1,44.99,Online Store,42355999244485,9/18/2023,First-time
2698,5011038929093,108131,1,29.74,Online Store,42347040440517,9/20/2023,First-time
2699,5017837830341,109501,1,29.74,Online Store,42347040440517,9/27/2023,First-time
2700,5004313362629,107331,1,29.74,Online Store,42347040440517,9/16/2023,First-time
2701,5013844721861,108641,1,37.7,Online Store,42347040440517,9/23/2023,Returning
2702,5018113016005,109591,1,0,Draft Orders,42347040440517,9/27/2023,Returning
2703,5004000493765,107251,1,34.99,Online Store,42347040440517,9/16/2023,Returning
2704,5014040543429,108681,1,29.74,Online Store,42347040440517,9/23/2023,First-time
2705,5014074458309,108711,1,29.74,Online Store,42347040440517,9/23/2023,First-time
2706,5018974355653,109811,1,29.74,Online Store,42347040440517,9/28/2023,First-time
2707,5018905051333,109781,1,34.99,Online Store,42347040440517,9/28/2023,First-time
2708,5004425396421,107381,1,29.74,Online Store,42347040440517,9/16/2023,First-time
2709,5004507021509,107431,1,29.74,Online Store,42347040440517,9/16/2023,First-time
2710,5020922740933,110101,1,29.74,Online Store,42347040440517,9/30/2023,First-time
2711,5005101990085,107581,1,34.99,Online Store,42347040440517,9/17/2023,First-time
2712,5020050718917,109931,1,34.99,Online Store,42347040440517,9/29/2023,First-time
2713,5018059669701,109581,1,29.74,Online Store,42347040440517,9/27/2023,First-time
2714,5016792498373,109171,1,34.99,Online Store,42347040440517,9/26/2023,Returning
2715,5018198147269,109621,1,29.74,Online Store,42347040440517,9/27/2023,First-time
2716,5016143495365,109051,1,29.74,Online Store,42347040440517,9/25/2023,First-time
2717,5011738427589,108241,1,34.99,Online Store,42347040440517,9/21/2023,First-time
2718,5004765921477,107461,1,34.99,Online Store,42347040440517,9/17/2023,First-time
2719,5014519775429,108781,1,34.99,Online Store,42347040440517,9/23/2023,Returning
2720,5020866347205,110091,1,34.99,Online Store,42347040440517,9/30/2023,First-time
2721,5004974096581,107551,1,34.99,Online Store,42347040440517,9/17/2023,First-time
2722,5019542978757,109891,1,34.99,Online Store,42347040440517,9/29/2023,Returning
2723,5011496075461,108221,2,69.98,Online Store,41200104603845,9/20/2023,First-time
2724,5011544998085,108231,1,29.74,Online Store,41200104603845,9/21/2023,First-time
2725,5018905051333,109781,1,34.99,Online Store,41200104603845,9/28/2023,First-time
2726,5004371558597,107361,1,34.99,Online Store,41200104603845,9/16/2023,First-time
2727,5016114004165,109041,1,34.99,Online Store,41200104603845,9/25/2023,First-time
2728,5011742654661,108251,1,34.99,Online Store,41200104603845,9/21/2023,First-time
2729,5012431110341,108421,1,37.44,Facebook & Instagram,41200104603845,9/21/2023,First-time
2730,5012431110341,108421,0,0,Facebook & Instagram,41200104603845,9/22/2023,First-time
2731,5016317952197,109081,1,34.99,Online Store,41200104603845,9/25/2023,First-time
2732,5017721766085,109441,1,29.74,Online Store,41200104603845,9/27/2023,Returning
2733,5019542978757,109891,1,34.99,Online Store,41200104603845,9/29/2023,Returning
2734,5004987662533,107571,1,29.74,Online Store,41200104603845,9/17/2023,First-time
2735,5004240519365,107301,4,83.96,Draft Orders,41200104603845,9/16/2023,First-time
2736,5004397510853,107371,1,34.99,Online Store,41200104603845,9/16/2023,First-time
2737,5018059669701,109581,1,29.74,Online Store,41200104603845,9/27/2023,First-time
2738,5011038929093,108131,1,29.74,Online Store,41200104603845,9/20/2023,First-time
2739,5016873664709,109201,1,29.74,Online Store,41200104603845,9/26/2023,First-time
2740,5013329412293,108581,1,37.44,Facebook & Instagram,41200104603845,9/22/2023,First-time
2741,5013329412293,108581,0,0,Facebook & Instagram,41200104603845,9/25/2023,First-time
2742,5007228764357,107981,1,29.74,Online Store,41200104603845,9/19/2023,First-time
2743,5015946887365,109021,12,251.88,Draft Orders,41200104603845,9/25/2023,Returning
2744,5016783192261,109161,1,0,Draft Orders,41200104603845,9/26/2023,Returning
2745,5004886966469,107511,1,29.74,Online Store,41200104603845,9/17/2023,First-time
2746,4993135444165,104491,1,29.74,Online Store,41200104603845,9/5/2023,First-time
2747,4954459668677,96341,1,29.74,Online Store,41200104603845,7/31/2023,First-time
2748,4978662637765,101641,1,34.99,Online Store,41200104603845,8/24/2023,First-time
2749,5000215363781,106551,1,29.74,Online Store,41200104603845,9/13/2023,First-time
2750,4957992976581,97081,1,29.74,Online Store,41200104603845,8/4/2023,First-time
2751,4950251798725,95621,1,34.99,Online Store,41200104603845,7/27/2023,First-time
2752,4990738596037,104071,1,34.99,Online Store,41200104603845,9/3/2023,First-time
2753,4923669053637,89581,1,34.99,Online Store,41200104603845,7/1/2023,First-time
2754,4937898787013,92681,1,29.74,Online Store,41200104603845,7/15/2023,First-time
2755,4976594911429,101081,1,29.74,Online Store,41200104603845,8/22/2023,Returning
2756,4957431365829,97001,1,29.74,Online Store,41200104603845,8/3/2023,First-time
2757,4994306638021,104711,1,34.99,Online Store,41200104603845,9/6/2023,First-time
2758,4926871109829,90391,1,34.99,Online Store,41200104603845,7/4/2023,First-time
2759,5001778888901,106911,1,32.56,Online Store,41200104603845,9/14/2023,First-time
2760,4932495409349,91611,1,34.99,Online Store,41200104603845,7/10/2023,First-time
2761,4961570160837,97761,1,29.74,Online Store,41200104603845,8/7/2023,First-time
2762,4997328142533,105641,1,29.74,Online Store,41200104603845,9/10/2023,First-time
2763,4950372450501,95641,1,34.99,Online Store,41200104603845,7/28/2023,First-time
2764,4955246559429,96511,6,125.94,Draft Orders,41200104603845,8/1/2023,First-time
2765,4943275262149,93861,1,34.99,Online Store,41200104603845,7/20/2023,First-time
2766,4971956011205,100351,2,59.48,Online Store,41200104603845,8/17/2023,Returning
2767,4934423118021,92001,1,29.74,Online Store,41200104603845,7/12/2023,First-time
2768,4970480697541,99911,1,34.99,Online Store,41200104603845,8/16/2023,Returning
2769,4991485804741,104241,1,29.74,Online Store,41200104603845,9/4/2023,First-time
2770,4945798561989,94511,1,32.49,Online Store,41200104603845,7/23/2023,First-time
2771,4997954830533,105891,1,29.74,Online Store,41200104603845,9/10/2023,First-time
2772,4924471017669,89771,1,34.99,Online Store,41200104603845,7/2/2023,Returning
2773,4957293281477,96951,1,37.88,Facebook & Instagram,41200104603845,8/3/2023,First-time
2774,4970632904901,100001,1,34.99,Online Store,41200104603845,8/16/2023,Returning
2775,4941204062405,93431,0,0,Facebook & Instagram,41200104603845,7/19/2023,First-time
2776,4941204062405,93431,1,38.33,Facebook & Instagram,41200104603845,7/18/2023,First-time
2777,4974848114885,100751,1,34.99,Online Store,41200104603845,8/20/2023,Returning
2778,4980088111301,102031,1,29.73,Online Store,41200104603845,8/25/2023,First-time
2779,4965354602693,98691,1,34.99,Online Store,41200104603845,8/11/2023,First-time
2780,4963731800261,98281,1,32.79,Online Store,41200104603845,8/9/2023,First-time
2781,5000414101701,106571,1,29.74,Online Store,41200104603845,9/13/2023,First-time
2782,4957146054853,96901,1,34.99,Online Store,41200104603845,8/3/2023,Returning
2783,4980173373637,102061,1,34.99,Online Store,41200104603845,8/25/2023,First-time
2784,4960481837253,97561,1,29.74,Online Store,41200104603845,8/6/2023,First-time
2785,4958803722437,97351,0,0,Facebook & Instagram,41200104603845,8/7/2023,First-time
2786,4958803722437,97351,1,37.44,Facebook & Instagram,41200104603845,8/4/2023,First-time
2787,4962381201605,97891,1,34.99,Online Store,41200104603845,8/8/2023,Returning
2788,4976928489669,101181,2,41.98,Draft Orders,41200104603845,8/22/2023,First-time
2789,4994976776389,104921,1,34.99,Online Store,41200104603845,9/7/2023,First-time
2790,4970384064709,99881,1,29.73,Online Store,41200104603845,8/16/2023,First-time
2791,4924646162629,89841,1,34.99,Online Store,41200104603845,7/2/2023,First-time
2792,4935492370629,92131,1,37.31,Facebook & Instagram,41200104603845,7/13/2023,First-time
2793,4975543910597,100891,1,29.74,Online Store,41200104603845,8/21/2023,First-time
2794,4931314385093,91381,1,34.99,Online Store,41200104603845,7/9/2023,First-time
2795,4970668851397,100011,1,34.99,Online Store,41200104603845,8/16/2023,First-time
2796,4939775803589,93101,1,29.73,Online Store,41200104603845,7/17/2023,First-time
2797,4946903007429,94801,4,118.96,Online Store,41200104603845,7/24/2023,First-time
2798,4948149338309,95191,1,34.99,Online Store,41200104603845,7/25/2023,First-time
2799,4983360389317,102721,1,34.99,Online Store,41200104603845,8/28/2023,First-time
2800,4978172920005,101581,1,29.74,Online Store,41200104603845,8/23/2023,First-time
2801,4958422139077,97211,3,62.97,Draft Orders,41200104603845,8/4/2023,Returning
2802,4927612092613,90511,6,108,Draft Orders,41200104603845,7/5/2023,Returning
2803,4979715276997,101941,1,34.99,Online Store,41200104603845,8/25/2023,First-time
2804,4983519019205,102781,1,29.74,Online Store,41200104603845,8/28/2023,First-time
2805,4942504853701,93701,3,89.22,Online Store,41200104603845,7/20/2023,First-time
2806,4983607296197,102801,1,29.74,Online Store,41200104603845,8/28/2023,First-time
2807,4945286889669,94351,1,34.99,Online Store,41200104603845,7/22/2023,First-time
2808,4950779232453,95691,1,34.99,Online Store,41200104603845,7/28/2023,First-time
2809,4979344605381,101841,1,34.99,Online Store,41200104603845,8/24/2023,First-time
2810,4985831817413,103321,12,251.88,Draft Orders,41200104603845,8/30/2023,Returning
2811,5001373286597,106791,1,34.99,Online Store,41200104603845,9/14/2023,First-time
2812,4953067684037,96011,1,29.74,Online Store,41200104603845,7/30/2023,First-time
2813,4970482368709,99921,1,29.74,Online Store,41200104603845,8/16/2023,First-time
2814,4987731771589,103561,1,29.74,Online Store,41200104603845,9/1/2023,First-time
2815,4936957624517,92441,1,34.99,Online Store,41200104603845,7/14/2023,First-time
2816,4945797415109,94501,1,34.99,Online Store,41200104603845,7/23/2023,First-time
2817,4923468316869,89521,1,34.99,Online Store,41200104603845,7/1/2023,First-time
2818,4929054441669,90831,1,34.99,Online Store,41200104603845,7/6/2023,First-time
2819,4953925288133,96191,1,37.79,Facebook & Instagram,41200104603845,7/31/2023,First-time
2820,4937371975877,92551,1,34.99,Online Store,41200104603845,7/14/2023,First-time
2821,4944719708357,94151,1,29.74,Online Store,41200104603845,7/22/2023,Returning
2822,4991939412165,104321,1,29.73,Online Store,41200104603845,9/4/2023,First-time
2823,4946090950853,94641,1,37.44,Facebook & Instagram,41200104603845,7/23/2023,First-time
2824,4946090950853,94641,0,0,Facebook & Instagram,41200104603845,7/24/2023,First-time
2825,4926919672005,90411,1,29.74,Online Store,41200104603845,7/4/2023,First-time
2826,4980855963845,102191,1,34.99,Online Store,41200104603845,8/26/2023,First-time
2827,4937157181637,92501,1,34.99,Online Store,41200104603845,7/14/2023,First-time
2828,5001535422661,106831,1,37.61,Facebook & Instagram,41200104603845,9/14/2023,First-time
2829,4987355431109,103501,1,29.74,Online Store,41200104603845,8/31/2023,Returning
2830,4997176000709,105551,1,34.99,Online Store,41200104603845,9/9/2023,First-time
2831,4952919605445,95981,1,34.99,Online Store,41200104603845,7/30/2023,First-time
2832,4940493652165,93241,1,34.99,Online Store,41200104603845,7/18/2023,First-time
2833,4962715631813,97941,1,34.99,Online Store,41200104603845,8/8/2023,First-time
2834,4932819157189,91721,1,29.73,Online Store,41200104603845,7/10/2023,First-time
2835,4992442106053,104361,1,29.74,Online Store,41200104603845,9/5/2023,First-time
2836,4923555774661,89551,1,34.99,Online Store,41200104603845,7/1/2023,First-time
2837,4973281902789,100501,1,34.99,Online Store,41200104603845,8/18/2023,First-time
2838,4959573803205,97441,1,34.99,Online Store,41200104603845,8/5/2023,Returning
2839,4940827951301,93331,1,34.99,Online Store,41200104603845,7/18/2023,First-time
2840,4968897052869,99611,1,34.99,Online Store,41200104603845,8/14/2023,First-time
2841,5020922740933,110101,1,29.74,Online Store,41200143827141,9/30/2023,First-time
2842,5016969183429,109231,1,34.99,Online Store,41200128753861,9/26/2023,First-time
2843,5013884600517,108661,1,29.74,Online Store,41200128753861,9/23/2023,Returning
2844,5020967338181,110121,1,34.99,Online Store,41200128753861,9/30/2023,First-time
2845,5017721766085,109441,1,29.74,Online Store,41200128753861,9/27/2023,Returning
2846,5013633794245,108631,1,37.97,Online Store,41200128753861,9/22/2023,First-time
2847,5012820918469,108451,1,37.44,Facebook & Instagram,41200128753861,9/22/2023,First-time
2848,5014519775429,108781,1,34.99,Online Store,41200128753861,9/23/2023,Returning
2849,5004313362629,107331,1,29.74,Online Store,41200128753861,9/16/2023,First-time
2850,5012288602309,108371,1,29.74,Online Store,41200128753861,9/21/2023,Returning
2851,5019999076549,109921,1,29.74,Online Store,41200128753861,9/29/2023,First-time
2852,5004240519365,107301,4,83.96,Draft Orders,41200107192517,9/16/2023,First-time
2853,5009872847045,108071,1,29.73,Online Store,41200107192517,9/20/2023,First-time
2854,5021146480837,110191,1,34.99,Online Store,41200107192517,9/30/2023,First-time
2855,5020640444613,110061,1,34.99,Online Store,41200107192517,9/29/2023,Returning
2856,5020545450181,110021,1,32.79,Online Store,41200107192517,9/29/2023,Returning
2857,5007228764357,107981,1,29.74,Online Store,41200107192517,9/19/2023,First-time
2858,4964104831173,98431,1,179.99,Online Store,41772058083525,8/9/2023,Returning
2859,4937096659141,92481,1,119,Draft Orders,41772058083525,7/14/2023,Returning
2860,4994623766725,104771,1,152.99,Online Store,41772058083525,9/7/2023,First-time
2861,5001315713221,106741,1,179.99,Online Store,41772058083525,9/14/2023,Returning
2862,5001328689349,106751,1,179.99,Online Store,41772058116293,9/14/2023,First-time
2863,4937096659141,92481,1,119,Draft Orders,41772058116293,7/14/2023,Returning
2864,4956259713221,96661,1,179.99,Online Store,41772058116293,8/2/2023,First-time
2865,5006366736581,107831,1,179.99,Online Store,41623698342085,9/18/2023,First-time
2866,4975913828549,101001,1,152.99,Online Store,41623753064645,8/21/2023,First-time
2867,4934126862533,91971,1,194.39,Online Store,41623753064645,7/11/2023,First-time
2868,4977335959749,101331,1,152.99,Online Store,41623753064645,8/22/2023,First-time
2869,4955041071301,96491,1,152.99,Online Store,41623753064645,8/1/2023,Returning
2870,4984303452357,102991,1,168.67,Online Store,41623753064645,8/29/2023,First-time
2871,4927035080901,90451,1,162,Online Store,41623753064645,7/4/2023,First-time
2872,4981138620613,102251,1,152.99,Online Store,41623753064645,8/26/2023,Returning
2873,4970901340357,100071,1,179.99,Online Store,41623753064645,8/16/2023,First-time
2874,4937096659141,92481,1,119,Draft Orders,41772057985221,7/14/2023,Returning
2875,4989125427397,103711,1,179.99,Online Store,41772057985221,9/2/2023,First-time
2876,5018924187845,109801,1,179.99,Online Store,42247015170245,9/28/2023,First-time
2877,5013856911557,108651,1,179.99,Online Store,42216376369349,9/23/2023,First-time
2878,5019309310149,109871,1,152.99,Online Store,42216376369349,9/28/2023,First-time
2879,5019309310149,109871,-1,-152.99,Online Store,42216376369349,9/28/2023,First-time
2880,5014892052677,108811,1,194.39,Online Store,42216376369349,9/24/2023,First-time
2881,5018210795717,109631,1,179.99,Online Store,42216376369349,9/27/2023,Returning
2882,4970564550853,99951,1,179.99,Online Store,41772058017989,8/16/2023,Returning
2883,4937096659141,92481,1,119,Draft Orders,41772058017989,7/14/2023,Returning
2884,4926970659013,90431,1,152.99,Online Store,41772058017989,7/4/2023,First-time
2885,5021452927173,110281,1,160.49,Facebook & Instagram,41623698309317,9/30/2023,First-time
2886,5013305950405,108561,1,149.99,Online Store,41623698309317,9/22/2023,First-time
2887,5018117079237,109601,1,162.36,Facebook & Instagram,41623698309317,9/27/2023,Returning
2888,5002817601733,107111,2,254.98,Online Store,41623698309317,9/15/2023,First-time
2889,5017307414725,109351,1,149.99,Online Store,41623698309317,9/26/2023,First-time
2890,5013856911557,108651,1,149.99,Online Store,41623698309317,9/23/2023,First-time
2891,5006464843973,107861,2,299.98,Online Store,41623698309317,9/19/2023,First-time
2892,5012336214213,108401,2,299.98,Online Store,41623698309317,9/21/2023,First-time
2893,5002773790917,107091,3,449.97,Online Store,41623698309317,9/15/2023,Returning
2894,5017188696261,109321,1,127.49,Online Store,41623698309317,9/26/2023,Returning
2895,5011385417925,108211,1,149.99,Online Store,41623698309317,9/20/2023,First-time
2896,5016839192773,109191,3,421.66,Online Store,41623698309317,9/26/2023,First-time
2897,5003842355397,107241,1,127.49,Online Store,41623698309317,9/16/2023,First-time
2898,5017003425989,109251,2,254.98,Online Store,41623698309317,9/26/2023,First-time
2899,5017057296581,109261,2,199.98,Draft Orders,41623698309317,9/26/2023,Returning
2900,5010880463045,108121,1,149.99,Online Store,41623698309317,9/20/2023,Returning
2901,5006851178693,107901,1,149.99,Online Store,41623698309317,9/19/2023,First-time
2902,5006621049029,107881,1,149.99,Online Store,41623698309317,9/19/2023,First-time
2903,5011844923589,108291,1,127.49,Online Store,41623698309317,9/21/2023,First-time
2904,5005649838277,107661,2,254.97,Online Store,41623698309317,9/18/2023,First-time
2905,4963939156165,98351,1,152.99,Online Store,41623698440389,8/9/2023,Returning
2906,4996460380357,105391,1,179.99,Online Store,41623698440389,9/9/2023,First-time
2907,4985759105221,103301,1,179.99,Online Store,41623698440389,8/30/2023,Returning
2908,4989568745669,103791,1,152.99,Online Store,42247015170245,9/2/2023,Returning
2909,4942681931973,93721,1,152.99,Online Store,42255650390213,7/20/2023,First-time
2910,4930104950981,91121,1,152.99,Online Store,42255648522437,7/7/2023,Returning
2911,4989017784517,103691,1,179.99,Online Store,42255648522437,9/2/2023,Returning
2912,4951360766149,95781,1,179.99,Online Store,42255648522437,7/28/2023,First-time
2913,4953955336389,96221,1,179.99,Online Store,42255648522437,7/31/2023,Returning
2914,4990893883589,104091,1,179.99,Online Store,42255648522437,9/3/2023,First-time
2915,4956517105861,96711,1,179.99,Online Store,42255648522437,8/2/2023,First-time
2916,4948380942533,95231,1,179.99,Online Store,42255648522437,7/26/2023,First-time
2917,5007359475909,108051,1,167.14,Online Store,41772057985221,9/19/2023,First-time
2918,4975536537797,100881,1,179.99,Online Store,41623752966341,8/21/2023,Returning
2919,4998591742149,106091,1,152.99,Online Store,41623752966341,9/11/2023,First-time
2920,5001866444997,106941,1,152.99,Online Store,41623752966341,9/14/2023,First-time
2921,4987238678725,103471,2,305.98,Online Store,41623752966341,8/31/2023,First-time
2922,4987238678725,103471,-2,-305.98,Online Store,41623752966341,9/1/2023,First-time
2923,4939868897477,93121,1,119.99,Draft Orders,41623752966341,7/17/2023,Returning
2924,4971438178501,100251,1,179.99,Online Store,41623752966341,8/17/2023,First-time
2925,4966674759877,98991,1,179.99,Online Store,41623752966341,8/12/2023,First-time
2926,4954188841157,96261,1,179.99,Online Store,41623752966341,7/31/2023,First-time
2927,4991304892613,104171,1,179.99,Online Store,41623752966341,9/4/2023,First-time
2928,4981142847685,102261,1,152.99,Online Store,41623752966341,8/26/2023,First-time
2929,5013592998085,108611,1,179.99,Online Store,41772058050757,9/22/2023,Returning
2930,5012025442501,108301,1,179.99,Online Store,41772058050757,9/21/2023,First-time
2931,5018924187845,109801,1,179.99,Online Store,42255648522437,9/28/2023,First-time
2932,5016796954821,109181,1,170.39,Online Store,42255648522437,9/26/2023,First-time
2933,5013145583813,108531,1,152.99,Online Store,42255648522437,9/22/2023,First-time
2934,4954973241541,96431,1,179.99,Online Store,42216376369349,8/1/2023,First-time
2935,4958317871301,97171,1,152.99,Online Store,42216376369349,8/4/2023,First-time
2936,4977353064645,101341,1,179.99,Online Store,42216376369349,8/22/2023,Returning
2937,4943082553541,93821,1,179.99,Online Store,42216376369349,7/20/2023,First-time
2938,4932391567557,91591,1,152.98,Online Store,42216376369349,7/10/2023,First-time
2939,4997904498885,105861,1,152.99,Online Store,42216376369349,9/10/2023,First-time
2940,4926556831941,90281,1,154.99,Online Store,42216376369349,7/4/2023,Returning
2941,4939868897477,93121,1,119.99,Draft Orders,42216376369349,7/17/2023,Returning
2942,4941930856645,93541,1,179.99,Online Store,42216376369349,7/19/2023,Returning
2943,4937184510149,92511,1,179.99,Online Store,42216376369349,7/14/2023,First-time
2944,4965637128389,98741,1,152.99,Online Store,42216376369349,8/11/2023,First-time
2945,4929194393797,90851,1,152.99,Online Store,42216376369349,7/6/2023,First-time
2946,4996456644805,105381,1,179.99,Shop,42216376369349,9/9/2023,Returning
2947,4925825876165,90101,1,152.99,Online Store,42216376369349,7/3/2023,First-time
2948,4982613770437,102591,2,359.98,Online Store,42216376369349,8/28/2023,First-time
2949,4966589399237,98981,1,179.99,Online Store,42216376369349,8/12/2023,Returning
2950,5013319876805,108571,1,179.99,Online Store,41623698440389,9/22/2023,First-time
2951,5018868678853,109761,1,152.99,Shop,42211569336517,9/28/2023,First-time
2952,5013149319365,108541,1,179.99,Online Store,41772058017989,9/22/2023,Returning
2953,4947819593925,95081,-1,-152.99,Online Store,41623698342085,7/26/2023,First-time
2954,4947819593925,95081,1,152.99,Online Store,41623698342085,7/25/2023,First-time
2955,4967904215237,99341,1,152.99,Online Store,41623698342085,8/13/2023,First-time
2956,4971117150405,100101,1,152.99,Online Store,41623698342085,8/17/2023,First-time
2957,4993496350917,104551,1,179.99,Online Store,41623698342085,9/6/2023,First-time
2958,4999123534021,106231,1,179.99,Online Store,41623698342085,9/12/2023,First-time
2959,4946775113925,94781,2,396.88,Online Store,41623698342085,7/24/2023,Returning
2960,4977997316293,101531,1,179.99,Online Store,41623698342085,8/23/2023,Returning
2961,4979458703557,101871,1,179.99,Online Store,41623698342085,8/25/2023,First-time
2962,4936146256069,92271,2,359.98,Online Store,41623698342085,7/13/2023,First-time
2963,4945346789573,94371,3,595.32,Online Store,41623698342085,7/23/2023,Returning
2964,4953136464069,96031,1,152.99,Online Store,41623698342085,7/30/2023,First-time
2965,4929048346821,90821,1,179.99,Online Store,41623698342085,7/6/2023,First-time
2966,4943871738053,94011,1,152.98,Online Store,41623698342085,7/21/2023,First-time
2967,4960277004485,97511,1,179.99,Online Store,41623698342085,8/6/2023,Returning
2968,4965859098821,98801,1,179.99,Online Store,41623698342085,8/11/2023,First-time
2969,4995560702149,105111,1,179.99,Online Store,41623698342085,9/8/2023,First-time
2970,4959501746373,97431,1,152.98,Online Store,41623698342085,8/5/2023,First-time
2971,4965235982533,98681,1,152.99,Online Store,41623698342085,8/10/2023,First-time
2972,4940660834501,93301,1,179.99,Online Store,41623698342085,7/18/2023,First-time
2973,4972805456069,100391,1,152.99,Online Store,41623698342085,8/18/2023,First-time
2974,4933755142341,91891,3,595.32,Online Store,41623698342085,7/11/2023,Returning
2975,4948554842309,95291,1,193.49,Facebook & Instagram,42211569336517,7/26/2023,Returning
2976,4953235652805,96071,1,152.98,Online Store,42211569336517,7/30/2023,First-time
2977,4926556831941,90281,1,155,Online Store,42211569336517,7/4/2023,Returning
2978,4996460380357,105391,1,179.99,Online Store,42211569336517,9/9/2023,First-time
2979,4995005251781,104941,1,179.99,Online Store,42211569336517,9/7/2023,First-time
2980,4998079643845,106001,1,179.99,Online Store,42211569336517,9/10/2023,First-time
2981,4961819001029,97821,1,152.98,Online Store,42211569336517,8/7/2023,First-time
2982,4939868897477,93121,1,119.99,Draft Orders,42211569336517,7/17/2023,Returning
2983,4954188841157,96261,1,179.99,Online Store,42211569336517,7/31/2023,First-time
2984,5013228519621,108551,1,192.59,Facebook & Instagram,42255650357445,9/22/2023,First-time
2985,5006977335493,107931,1,152.99,Online Store,42255650357445,9/19/2023,First-time
2986,4974913749189,100781,1,179.99,Online Store,42255650357445,8/20/2023,First-time
2987,4983653531845,102821,1,152.99,Online Store,42255650357445,8/28/2023,First-time
2988,4939868897477,93121,1,119.99,Draft Orders,42011539079365,7/17/2023,Returning
2989,4999123534021,106231,1,179.99,Online Store,42011539079365,9/12/2023,First-time
2990,4953955336389,96221,1,179.99,Online Store,42011539079365,7/31/2023,Returning
2991,4959366054085,97391,1,152.99,Online Store,42011539079365,8/5/2023,First-time
2992,4938361209029,92781,1,152.99,Online Store,41623752999109,7/15/2023,First-time
2993,4983422812357,102761,1,149.99,Online Store,41623698309317,8/28/2023,First-time
2994,4968311193797,99441,1,127.49,Online Store,41623698309317,8/14/2023,Returning
2995,4928525107397,90691,1,149.99,Online Store,41623698309317,7/6/2023,First-time
2996,4954683605189,96351,1,127.49,Online Store,41623698309317,8/1/2023,First-time
2997,4979669565637,101911,2,299.98,Online Store,41623698309317,8/25/2023,First-time
2998,4926536614085,90271,1,127.48,Online Store,41623698309317,7/4/2023,First-time
2999,4998611075269,106111,1,149.99,Online Store,41623698309317,9/11/2023,First-time
3000,4973742031045,100571,1,149.99,Online Store,41623698309317,8/19/2023,First-time
3001,4966500729029,98961,1,127.49,Online Store,41623698309317,8/12/2023,First-time
3002,4942865793221,93741,1,127.5,Online Store,41623698309317,7/20/2023,First-time
3003,4984761843909,103091,1,149.99,Online Store,41623698309317,8/29/2023,First-time
3004,4931717365957,91531,1,127.49,Online Store,41623698309317,7/9/2023,First-time
3005,4931367862469,91411,1,140.23,Online Store,41623698309317,7/9/2023,First-time
3006,4982487515333,102581,1,127.49,Online Store,41623698309317,8/28/2023,First-time
3007,4932421877957,91601,2,254.98,Online Store,41623698309317,7/10/2023,First-time
3008,4975536537797,100881,1,149.99,Online Store,41623698309317,8/21/2023,Returning
3009,4993726939333,104601,1,127.49,Online Store,41623698309317,9/6/2023,First-time
3010,4929426718917,90911,1,149.99,Online Store,41623698309317,7/7/2023,First-time
3011,4977821089989,101461,1,127.49,Online Store,41623698309317,8/23/2023,First-time
3012,4980997095621,102221,1,149.99,Online Store,41623698309317,8/26/2023,First-time
3013,4935562232005,92171,1,127.48,Online Store,41623698309317,7/13/2023,First-time
3014,4953955336389,96221,1,149.99,Online Store,41623698309317,7/31/2023,Returning
3015,4944916971717,94231,1,127.49,Online Store,41623698309317,7/22/2023,First-time
3016,5000975352005,106721,1,127.49,Online Store,41623698309317,9/13/2023,First-time
3017,4968265351365,99411,1,0,Draft Orders,41623698309317,8/14/2023,Returning
3018,4968265351365,99411,-1,0,Draft Orders,41623698309317,8/14/2023,Returning
3019,4994189721797,104671,1,149.99,Online Store,41623698309317,9/6/2023,First-time
3020,4999543718085,106391,1,127.49,Online Store,41623698309317,9/12/2023,First-time
3021,4995820945605,105181,1,149.99,Online Store,41623698309317,9/8/2023,First-time
3022,4935908917445,92231,1,127.49,Online Store,41623698309317,7/13/2023,First-time
3023,4997246877893,105591,1,149.99,Online Store,41623698309317,9/9/2023,First-time
3024,4961819001029,97821,1,127.5,Online Store,41623698309317,8/7/2023,First-time
3025,4948887339205,95341,1,127.49,Online Store,41623698309317,7/26/2023,First-time
3026,4968299135173,99421,1,127.48,Online Store,41623698309317,8/14/2023,First-time
3027,4991828656325,104281,1,149.99,Online Store,41623698309317,9/4/2023,First-time
3028,4938071539909,92721,1,127.49,Online Store,41623698309317,7/15/2023,First-time
3029,4961406124229,97701,1,160.48,Online Store,41623698309317,8/7/2023,First-time
3030,4979479314629,101891,1,149.99,Online Store,41623698309317,8/25/2023,Returning
3031,4943871738053,94011,1,127.5,Online Store,41623698309317,7/21/2023,First-time
3032,4944830759109,94201,2,254.98,Online Store,41623698309317,7/22/2023,First-time
3033,4965170380997,98641,1,149.99,Online Store,41623698309317,8/10/2023,Returning
3034,4977081614533,101221,1,127.49,Online Store,41623698309317,8/22/2023,First-time
3035,4952236687557,95881,1,127.48,Online Store,41623698309317,7/29/2023,First-time
3036,4986996162757,103441,1,149.99,Online Store,41623698309317,8/31/2023,First-time
3037,4935966982341,92241,4,599.96,Online Store,41623698309317,7/13/2023,Returning
3038,4952966234309,96001,2,254.98,Online Store,41623698309317,7/30/2023,First-time
3039,4957642424517,97041,1,149.99,Online Store,41623698309317,8/3/2023,First-time
3040,4992645300421,104411,1,0,Draft Orders,41623698309317,9/5/2023,Returning
3041,4928632357061,90741,1,127.48,Online Store,41623698309317,7/6/2023,First-time
3042,4966556041413,98971,2,254.98,Online Store,41623698309317,8/12/2023,Returning
3043,4968642478277,99531,1,0,Draft Orders,41623698309317,8/14/2023,Returning
3044,4968436924613,99491,1,149.99,Online Store,41623698309317,8/14/2023,First-time
3045,4994951184581,104891,2,299.98,Online Store,41623698309317,9/7/2023,Returning
3046,4946710692037,94731,1,127.49,Online Store,41623698309317,7/24/2023,First-time
3047,4988703178949,103661,1,149.99,Online Store,41623698309317,9/1/2023,Returning
3048,4990893883589,104091,1,149.99,Online Store,41623698309317,9/3/2023,First-time
3049,4941875904709,93531,1,149.99,Online Store,41623698309317,7/19/2023,Returning
3050,4943036514501,93791,1,127.49,Online Store,41623698309317,7/20/2023,Returning
3051,4957035200709,96841,1,149.99,Online Store,41623698309317,8/3/2023,First-time
3052,4950628466885,95681,2,254.98,Online Store,41623698309317,7/28/2023,First-time
3053,4940883296453,93351,1,127.48,Online Store,41623698309317,7/18/2023,First-time
3054,4959501746373,97431,1,127.5,Online Store,41623698309317,8/5/2023,First-time
3055,4969963847877,99801,5,749.95,Online Store,41623698309317,8/15/2023,First-time
3056,4954696614085,96361,1,127.49,Online Store,41623698309317,8/1/2023,First-time
3057,4946610815173,94721,1,149.99,Online Store,41623698309317,7/24/2023,First-time
3058,4958620123333,97291,1,149.99,Online Store,41623698309317,8/4/2023,First-time
3059,4963636773061,98241,1,0,Draft Orders,41623698309317,8/9/2023,Returning
3060,4985982386373,103371,1,127.49,Online Store,41623698309317,8/30/2023,First-time
3061,4938989371589,92921,1,149.99,Online Store,41623698309317,7/16/2023,First-time
3062,4999068614853,106211,1,127.48,Online Store,41623698309317,9/11/2023,First-time
3063,4949918515397,95531,1,127.49,Online Store,41623698309317,7/27/2023,Returning
3064,4947819593925,95081,1,127.5,Online Store,41623698309317,7/26/2023,First-time
3065,4970077847749,99821,1,127.49,Online Store,41623698309317,8/15/2023,Returning
3066,4964169646277,98441,1,149.99,Online Store,41623698309317,8/9/2023,First-time
3067,4960148684997,97491,2,299.98,Online Store,41623698309317,8/6/2023,First-time
3068,4956740092101,96761,1,127.49,Online Store,41623698309317,8/3/2023,First-time
3069,4953931186373,96201,1,149.99,Online Store,41623698309317,7/31/2023,First-time
3070,4954403209413,96331,1,127.49,Online Store,41623698309317,7/31/2023,First-time
3071,4989591191749,103801,1,127.49,Online Store,41623698309317,9/2/2023,First-time
3072,4989568745669,103791,1,127.49,Online Store,41623698309317,9/2/2023,Returning
3073,4985633865925,103231,1,149.99,Online Store,41623698309317,8/30/2023,First-time
3074,4977335959749,101331,1,127.48,Online Store,41623698309317,8/22/2023,First-time
3075,5001987096773,107001,1,127.49,Online Store,41623698309317,9/14/2023,First-time
3076,4965934137541,98841,1,127.49,Online Store,41623698309317,8/11/2023,Returning
3077,4971466752197,100271,1,127.49,Online Store,41623698309317,8/17/2023,First-time
3078,5001495216325,106821,1,127.49,Online Store,41623698309317,9/14/2023,First-time
3079,4973680197829,100551,2,254.98,Online Store,41623698309317,8/19/2023,First-time
3080,4968716828869,99541,2,254.98,Online Store,41623698309317,8/14/2023,First-time
3081,4955424260293,96541,1,149.99,Online Store,41623698309317,8/1/2023,First-time
3082,4928724074693,90771,1,127.49,Online Store,41623698309317,7/6/2023,First-time
3083,4931822354629,91551,1,149.99,Online Store,41623698309317,7/9/2023,First-time
3084,4971289706693,100131,1,127.49,Online Store,41623698309317,8/17/2023,First-time
3085,4997787549893,105811,1,149.99,Online Store,41623698309317,9/10/2023,Returning
3086,4943331688645,93901,0,0,Facebook & Instagram,41623698309317,7/21/2023,First-time
3087,4943331688645,93901,1,157.94,Facebook & Instagram,41623698309317,7/20/2023,First-time
3088,4985757728965,103291,1,127.49,Online Store,41623698309317,8/30/2023,First-time
3089,4943316353221,93871,1,149.99,Online Store,41623698309317,7/20/2023,Returning
3090,4949649883333,95491,1,127.49,Online Store,41623698309317,7/27/2023,First-time
3091,4963911270597,98331,1,149.99,Online Store,41623698309317,8/9/2023,First-time
3092,4940502401221,93261,1,149.99,Online Store,41623698309317,7/18/2023,Returning
3093,4981345747141,102291,1,149.99,Online Store,41623698309317,8/26/2023,Returning
3094,4999123534021,106231,1,149.99,Online Store,41623698309317,9/12/2023,First-time
3095,4944756048069,94171,1,127.49,Online Store,41623698309317,7/22/2023,First-time
3096,4945139466437,94301,1,149.99,Online Store,41623698309317,7/22/2023,Returning
3097,4969486876869,99711,1,149.99,Online Store,41623698309317,8/15/2023,First-time
3098,5001778823365,106901,1,149.99,Online Store,41623698309317,9/14/2023,First-time
3099,4998631456965,106121,1,127.49,Online Store,41623698309317,9/11/2023,First-time
3100,4933762744517,91901,1,127.49,Online Store,41623698309317,7/11/2023,First-time
3101,4939187486917,92981,1,149.99,Online Store,41623698309317,7/16/2023,First-time
3102,4967652163781,99251,1,127.49,Online Store,41623698309317,8/13/2023,Returning
3103,4985176817861,103151,1,149.99,Online Store,41623698309317,8/30/2023,First-time
3104,4936929607877,92421,1,0,Draft Orders,41623698309317,7/14/2023,Returning
3105,4964688527557,98531,1,149.99,Online Store,41623698309317,8/10/2023,First-time
3106,4957589012677,97031,1,127.49,Online Store,41623698309317,8/3/2023,First-time
3107,4943116173509,93841,1,149.99,Online Store,41623698309317,7/20/2023,First-time
3108,4966760251589,99011,1,149.99,Online Store,41623698309317,8/12/2023,First-time
3109,4974401290437,100621,1,127.48,Online Store,41623698309317,8/20/2023,First-time
3110,4948034617541,95151,2,254.99,Online Store,41623698309317,7/25/2023,First-time
3111,4975993192645,101031,2,254.98,Online Store,41623698309317,8/21/2023,First-time
3112,4983011180741,102651,1,127.49,Online Store,41623698309317,8/28/2023,Returning
3113,4929559167173,90921,1,149.99,Online Store,41623698309317,7/7/2023,First-time
3114,4933728403653,91871,1,149.99,Online Store,41623698309317,7/11/2023,First-time
3115,4996883316933,105501,1,149.99,Online Store,41623698309317,9/9/2023,First-time
3116,4942087356613,93591,1,127.49,Online Store,41623698309317,7/19/2023,First-time
3117,4979727368389,101951,1,127.49,Online Store,41623698309317,8/25/2023,First-time
3118,4930416672965,91191,1,149.99,Online Store,41623698309317,7/8/2023,First-time
3119,4977023484101,101211,1,149.99,Online Store,41623698309317,8/22/2023,Returning
3120,4965684478149,98751,1,139.76,Online Store,41623698309317,8/11/2023,First-time
3121,4971828248773,100321,1,149.99,Online Store,41623698309317,8/17/2023,First-time
3122,4998813155525,106141,1,149.99,Online Store,41623698309317,9/11/2023,Returning
3123,4964489887941,98481,1,149.99,Online Store,41623698309317,8/10/2023,First-time
3124,4997907153093,105871,1,127.49,Online Store,41623698309317,9/10/2023,First-time
3125,4941439500485,93481,2,254.98,Online Store,41623698309317,7/19/2023,First-time
3126,4981363507397,102301,2,299.98,Online Store,41623698309317,8/26/2023,First-time
3127,4997232296133,105581,3,449.97,Online Store,41623698309317,9/9/2023,Returning
3128,4994571305157,104731,1,127.49,Online Store,41623698309317,9/7/2023,First-time
3129,4995005251781,104941,1,149.99,Online Store,41623698309317,9/7/2023,First-time
3130,4955017052357,96451,1,0,Draft Orders,41623698309317,8/1/2023,Returning
3131,4923844952261,89611,2,281.99,Online Store,41623698309317,7/1/2023,First-time
3132,4933980815557,91951,1,138.01,Online Store,41623698309317,7/11/2023,First-time
3133,4999981531333,106501,1,149.99,Online Store,41623698309317,9/12/2023,First-time
3134,4958366826693,97191,1,127.49,Online Store,41623698309317,8/4/2023,First-time
3135,4958263804101,97141,1,149.99,Online Store,41623698309317,8/4/2023,First-time
3136,4931242197189,91361,1,165.35,Online Store,41623698309317,7/9/2023,First-time
3137,4954822017221,96381,2,254.98,Online Store,41623698309317,8/1/2023,First-time
3138,4968308408517,99431,1,127.5,Draft Orders,41623698309317,8/14/2023,Returning
3139,4949913239749,95521,-1,-149.99,Online Store,41623698309317,7/27/2023,First-time
3140,4949913239749,95521,1,149.99,Online Store,41623698309317,7/27/2023,First-time
3141,4969965748421,99811,4,599.96,Online Store,41623698309317,8/15/2023,Returning
3142,4966924353733,99051,1,149.99,Online Store,41623698309317,8/12/2023,First-time
3143,4939868897477,93121,1,119.99,Draft Orders,41623752933573,7/17/2023,Returning
3144,4936726806725,92341,1,179.99,Online Store,41623752933573,7/14/2023,First-time
3145,4941945209029,93551,1,179.99,Online Store,41623752933573,7/19/2023,Returning
3146,4948492648645,95271,1,152.99,Online Store,41623752933573,7/26/2023,First-time
3147,5018924187845,109801,1,179.99,Online Store,42255650390213,9/28/2023,First-time
3148,4977335959749,101331,1,152.99,Online Store,41623752900805,8/22/2023,First-time
3149,4939868897477,93121,1,119.99,Draft Orders,41623752900805,7/17/2023,Returning
3150,4955642265797,96571,1,194.83,Facebook & Instagram,41623752900805,8/2/2023,First-time
3151,4956337078469,96671,1,152.99,Online Store,41623752900805,8/2/2023,First-time
3152,4989780918469,103851,1,179.99,Online Store,41623698407621,9/2/2023,First-time
3153,4975536537797,100881,1,179.99,Online Store,41623698407621,8/21/2023,Returning
3154,4965043372229,98591,1,179.99,Online Store,41623698407621,8/10/2023,First-time
3155,5000315699397,106561,1,152.99,Online Store,41623698407621,9/13/2023,First-time
3156,4996284252357,105321,1,152.99,Online Store,41623698407621,9/8/2023,First-time
3157,4937096659141,92481,1,119,Draft Orders,41623698407621,7/14/2023,Returning
3158,4973068845253,100461,1,152.99,Online Store,42011538555077,8/18/2023,First-time
3159,4937096659141,92481,1,119,Draft Orders,42011538555077,7/14/2023,Returning
3160,4971119608005,100111,2,305.98,Online Store,41772058050757,8/17/2023,First-time
3161,5001315713221,106741,1,179.99,Online Store,41772058050757,9/14/2023,Returning
3162,4991304892613,104171,1,179.99,Online Store,41772058050757,9/4/2023,First-time
3163,4949098463429,95421,1,152.99,Online Store,41772058050757,7/26/2023,First-time
3164,4979172999365,101771,1,152.98,Online Store,41772058050757,8/24/2023,First-time
3165,4997574688965,105691,1,152.99,Online Store,41772058050757,9/10/2023,First-time
3166,4946912051397,94821,1,179.99,Online Store,41772058050757,7/24/2023,First-time
3167,4956740092101,96761,1,152.99,Online Store,41772058050757,8/3/2023,First-time
3168,4994846228677,104851,1,179.99,Online Store,41772058050757,9/7/2023,First-time
3169,4999737114821,106441,1,152.99,Online Store,41772058050757,9/12/2023,Returning
3170,4940497256645,93251,1,152.99,Online Store,41772058050757,7/18/2023,First-time
3171,4983226958021,102701,1,179.99,Online Store,41772058050757,8/28/2023,First-time
3172,5021452927173,110281,1,192.59,Facebook & Instagram,41623752900805,9/30/2023,First-time
3173,5018924187845,109801,1,179.99,Online Store,41623698505925,9/28/2023,First-time
3174,5018924187845,109801,1,229.99,Online Store,42356055539909,9/28/2023,First-time
3175,4962977874117,98081,1,152.99,Online Store,41623698374853,8/8/2023,First-time
3176,4931488317637,91451,1,152.99,Online Store,41623698374853,7/9/2023,Returning
3177,4934687948997,92021,1,179.99,Online Store,41623698374853,7/12/2023,First-time
3178,4976911352005,101171,3,458.97,Online Store,41623698374853,8/22/2023,First-time
3179,4964223910085,98451,1,179.99,Online Store,41623698374853,8/9/2023,First-time
3180,4929860862149,91021,1,179.99,Online Store,41623698374853,7/7/2023,First-time
3181,4930104950981,91121,1,152.99,Online Store,41623698374853,7/7/2023,Returning
3182,4946710692037,94731,1,152.99,Online Store,41623698374853,7/24/2023,First-time
3183,4967635255493,99241,1,152.99,Online Store,41623698374853,8/13/2023,First-time
3184,4955036319941,96481,1,179.99,Online Store,41623698374853,8/1/2023,First-time
3185,5015370793157,108931,1,179.99,Online Store,41623698407621,9/24/2023,Returning
3186,5018924187845,109801,1,229.99,Online Store,42356055605445,9/28/2023,First-time
3187,4953865814213,96171,30,299.4,Draft Orders,41985847001285,7/31/2023,Returning
3188,4947764773061,95041,12,143.88,Draft Orders,41985847001285,7/25/2023,Returning
3189,4996190732485,105291,12,143.88,Draft Orders,41985847001285,9/8/2023,Returning
3190,4935678034117,92191,10,119.9,Draft Orders,41985847001285,7/13/2023,Returning
3191,5000442052805,106581,2,0,Draft Orders,41985847001285,9/13/2023,Returning
3192,4935791247557,92211,4,60,Draft Orders,41985847001285,7/13/2023,Returning
3193,5019168178373,109851,2,29.98,Draft Orders,41985847001285,9/28/2023,First-time
3194,5016997265605,109241,3,44.97,Draft Orders,41985847001285,9/26/2023,Returning
3195,5018782826693,109711,2,0,Draft Orders,41985847001285,9/28/2023,Returning
3196,4928566624453,90721,1,0,Draft Orders,41985847001285,7/6/2023,Returning
3197,4928547455173,90711,1,0,Draft Orders,41985847001285,7/6/2023,Returning
3198,5000714387653,106691,4,59.96,Draft Orders,41985847001285,9/13/2023,Returning
3199,4999678132421,106421,3,44.97,Draft Orders,41985847001285,9/12/2023,Returning
3200,5019051458757,109831,1,17.5,Draft Orders,42257800069317,9/28/2023,Returning
3201,4927821381829,90551,1,0,Draft Orders,42257800102085,7/5/2023,Returning
3202,4985749274821,103281,2,35,Draft Orders,41960836333765,8/30/2023,Returning
3203,4927821381829,90551,1,0,Draft Orders,42257800036549,7/5/2023,Returning
3204,4927821381829,90551,1,0,Draft Orders,42257800134853,7/5/2023,Returning
3205,4970354245829,99861,6,0,Draft Orders,41982692589765,8/16/2023,Returning
3206,4951070703813,95751,1,169.99,Online Store,41744179101893,7/28/2023,First-time
3207,4981739421893,102381,1,169.99,Online Store,41744179101893,8/27/2023,First-time
3208,4976169615557,101061,1,199.99,Online Store,41744179101893,8/22/2023,First-time
3209,4976798957765,101151,1,211.99,Facebook & Instagram,41744179003589,8/22/2023,First-time
3210,4992526024901,104391,1,199.99,Online Store,41744179134661,9/5/2023,Returning
3211,4974518304965,100671,1,169.99,Online Store,41744179069125,8/20/2023,First-time
3212,4955348762821,96531,1,199.99,Online Store,41744179069125,8/1/2023,First-time
3213,5021229220037,110231,1,169.99,Online Store,41744178970821,9/30/2023,First-time
3214,4963584934085,98211,1,169.99,Online Store,41744178970821,8/9/2023,First-time
3215,4960361939141,97531,1,455,Draft Orders,41610990551237,8/6/2023,Returning
3216,4943331197125,93891,1,590.73,Online Store,41772034359493,7/20/2023,First-time
3217,4935791247557,92211,2,1012,Draft Orders,42200203100357,7/13/2023,Returning
3218,4948241350853,95211,1,505.74,Online Store,41610940383429,7/26/2023,First-time
3219,4993012793541,104461,1,594.99,Online Store,41610940383429,9/5/2023,First-time
3220,4935610761413,92181,3,1457.96,Draft Orders,41610940383429,7/13/2023,First-time
3221,4920694538437,88911,-1,-505.74,Online Store,41610940383429,7/7/2023,First-time
3222,4992542900421,104401,7,3149.93,Draft Orders,41610940383429,9/5/2023,First-time
3223,4947324403909,94921,1,594.99,Online Store,41610940383429,7/25/2023,First-time
3224,4995628728517,105141,1,594.99,Online Store,41610940383429,9/8/2023,Returning
3225,5021763403973,110381,1,594.99,Online Store,41610940383429,9/30/2023,Returning
3226,4963252830405,98161,1,505.74,Online Store,41610940383429,8/8/2023,First-time
3227,5011135070405,108151,1,449.99,Draft Orders,41610940383429,9/20/2023,First-time
3228,4962804826309,97991,1,505.74,Online Store,41610940383429,8/8/2023,Returning
3229,5001597747397,106841,2,1011.48,Online Store,41610940383429,9/14/2023,First-time
3230,4977317576901,101321,1,505.74,Online Store,41610940383429,8/22/2023,First-time
3231,4965137449157,98621,2,1011.48,Online Store,41610940383429,8/10/2023,Returning
3232,4963266494661,98171,1,505.74,Online Store,41610940383429,8/8/2023,First-time
3233,4953208488133,96061,1,556.32,Online Store,41610940383429,7/30/2023,First-time
3234,4950902800581,95721,3,1943.4,Facebook & Instagram,41610940383429,7/28/2023,First-time
3235,5011309658309,108191,3,1517.22,Online Store,41610940383429,9/20/2023,First-time
3236,4977755095237,101421,1,594.99,Online Store,41610940383429,8/23/2023,First-time
3237,4999678132421,106421,3,1349.97,Draft Orders,41610940383429,9/12/2023,Returning
3238,4933241471173,91751,5,2974.95,Online Store,41610940383429,7/11/2023,First-time
3239,5019695087813,109901,1,594.99,Online Store,41610940383429,9/29/2023,First-time
3240,4979214352581,101801,1,449.99,Draft Orders,41610940383429,8/24/2023,Returning
3241,4963655155909,98251,1,594.99,Online Store,41610940383429,8/9/2023,Returning
3242,4963675111621,98271,1,594.99,Online Store,41610940383429,8/9/2023,First-time
3243,4930090139845,91111,1,505.74,Online Store,41610940383429,7/7/2023,Returning
3244,4963762831557,98291,1,594.99,Online Store,41610940383429,8/9/2023,First-time
3245,5018984546501,109821,2,1189.98,Online Store,41610940383429,9/28/2023,Returning
3246,5000542519493,106631,1,505.74,Online Store,41610940383429,9/13/2023,Returning
3247,4968370962629,99471,3,1349.97,Draft Orders,41610940383429,8/14/2023,First-time
3248,5000477114565,106601,1,594.99,Online Store,41610940383429,9/13/2023,First-time
3249,4962921349317,98051,1,505.73,Online Store,41610940383429,8/8/2023,First-time
3250,4961440006341,97711,1,594.99,Online Store,41610940383429,8/7/2023,First-time
3251,4997302943941,105621,1,505.74,Online Store,41610940383429,9/9/2023,First-time
3252,4947793903813,95061,1,505.74,Online Store,41610940383429,7/25/2023,First-time
3253,4942869627077,93761,1,594.99,Online Store,41610940383429,7/20/2023,First-time
3254,4953865814213,96171,4,1799.96,Draft Orders,41610940383429,7/31/2023,Returning
3255,5013127692485,108521,1,594.99,Online Store,41610940383429,9/22/2023,First-time
3256,4933511282885,91791,1,505.74,Online Store,41610940383429,7/11/2023,First-time
3257,4985517244613,103211,1,594.99,Online Store,41610940383429,8/30/2023,Returning
3258,5005983187141,107751,3,1349.97,Draft Orders,41610940383429,9/18/2023,First-time
3259,5018870644933,109771,1,594.99,Draft Orders,41610940383429,9/28/2023,Returning
3260,4956075851973,96641,3,1349.97,Draft Orders,41610940383429,8/2/2023,Returning
3261,5011178586309,108161,3,1784.97,Online Store,41610940383429,9/20/2023,First-time
3262,5015265247429,108891,6,3034.44,Online Store,41610940383429,9/24/2023,Returning
3263,4942865793221,93741,1,505.73,Online Store,41610940383429,7/20/2023,First-time
3264,4922799718597,89401,0,0,Facebook & Instagram,41610940383429,7/3/2023,First-time
3265,5016240193733,109071,1,505.74,Online Store,41610940383429,9/25/2023,Returning
3266,4965070700741,98611,3,1270.5,Draft Orders,41610940383429,8/10/2023,Returning
3267,4977937121477,101491,1,449.99,Draft Orders,41610940383429,8/23/2023,Returning
3268,4954896924869,96421,3,1349.97,Draft Orders,41610940383429,8/1/2023,Returning
3269,4977788289221,101441,2,990,Draft Orders,41610940383429,8/23/2023,First-time
3270,4971371069637,100231,1,505.73,Online Store,41610940383429,8/17/2023,First-time
3271,4928063602885,90621,2,1011.48,Online Store,41610940383429,7/5/2023,First-time
3272,5013043478725,108491,1,594.99,Online Store,41610940383429,9/22/2023,First-time
3273,4971012653253,100091,1,594.99,Online Store,41610940383429,8/16/2023,First-time
3274,4931663102149,91511,1,594.99,Online Store,41610940383429,7/9/2023,First-time
3275,4934911525061,92061,1,594.99,Online Store,41610940383429,7/12/2023,First-time
3276,5000503460037,106611,1,594.99,Online Store,41610940383429,9/13/2023,Returning
3277,4998782714053,106131,2,1011.48,Online Store,41610940383429,9/11/2023,First-time
3278,4965757780165,98761,3,1349.97,Draft Orders,41610940383429,8/11/2023,First-time
3279,4946756174021,94771,2,899.98,Draft Orders,41610940383429,7/24/2023,First-time
3280,4969704784069,99761,1,505.74,Online Store,41610940383429,8/15/2023,First-time
3281,5003148329157,107161,1,505.74,Online Store,41610940383429,9/15/2023,First-time
3282,5017093505221,109271,2,1011.48,Online Store,41610940383429,9/26/2023,First-time
3283,4983395025093,102741,1,505.74,Online Store,41610940383429,8/28/2023,First-time
3284,4954275512517,96291,2,1011.48,Online Store,41610940383429,7/31/2023,First-time
3285,4984404869317,103021,1,505.74,Online Store,41610940383429,8/29/2023,First-time
3286,5019399094469,109881,2,1011.48,Online Store,41610940383429,9/28/2023,First-time
3287,4997322637509,105631,1,654.49,Online Store,41610940383429,9/10/2023,Returning
3288,5007027634373,107941,1,505.75,Online Store,41610940383429,9/19/2023,First-time
3289,4994836398277,104841,1,654.49,Online Store,41610940383429,9/7/2023,Returning
3290,4972996788421,100421,2,1189.98,Online Store,41610940383429,8/18/2023,First-time
3291,4942891647173,93771,4,1799.96,Draft Orders,41610940383429,7/20/2023,First-time
3292,4981934424261,102431,1,594.99,Online Store,41610940383429,8/27/2023,First-time
3293,5000617132229,106661,1,505.74,Online Store,41610940383429,9/13/2023,First-time
3294,4949026570437,95391,1,505.74,Online Store,41610940383429,7/26/2023,First-time
3295,5017777963205,109481,1,642.59,Online Store,41610940383429,9/27/2023,Returning
3296,4978792300741,101701,1,642.59,Online Store,41610940383429,8/24/2023,First-time
3297,4985220006085,103161,1,594.99,Online Store,41610940383429,8/30/2023,Returning
3298,4929981579461,91061,2,1189.98,Online Store,41610940383429,7/7/2023,Returning
3299,4965059166405,98601,1,505.74,Online Store,41610940383429,8/10/2023,First-time
3300,4926469406917,90251,1,577,Online Store,41610940383429,7/4/2023,Returning
3301,4939646566597,93071,1,556.33,Online Store,41610940383429,7/17/2023,First-time
3302,5007338438853,108021,1,505.74,Online Store,41610940383429,9/19/2023,First-time
3303,4970509172933,99931,1,505.74,Online Store,41610940383429,8/16/2023,First-time
3304,5018481754309,109701,1,505.74,Online Store,41610940383429,9/27/2023,First-time
3305,4937769648325,92631,1,505.74,Online Store,41610940383429,7/15/2023,First-time
3306,4941007388869,93361,1,594.99,Online Store,41610940383429,7/18/2023,First-time
3307,4980187103429,102071,1,594.99,Online Store,41610940383429,8/25/2023,Returning
3308,4934829441221,92041,1,505.74,Online Store,41610940383429,7/12/2023,First-time
3309,4978140053701,101571,1,505.73,Online Store,41610940383429,8/23/2023,First-time
3310,4929751679173,90991,1,594.99,Online Store,41610940383429,7/7/2023,First-time
3311,5006005764293,107761,1,594.99,Online Store,41610940383429,9/18/2023,Returning
3312,4997973016773,105911,1,594.99,Online Store,41610940383429,9/10/2023,First-time
3313,4975613509829,100901,1,654.49,Online Store,41610940383429,8/21/2023,First-time
3314,4977934205125,101481,1,594.99,Online Store,41610940383429,8/23/2023,Returning
3315,5017748963525,109461,1,505.74,Online Store,41610940383429,9/27/2023,First-time
3316,4964782538949,98561,3,1138.5,Draft Orders,41610940383429,8/10/2023,Returning
3317,5018472579269,109691,1,594.99,Online Store,41610940383429,9/27/2023,Returning
3318,4947053772997,94881,1,594.99,Online Store,41610940383429,7/24/2023,First-time
3319,5017948389573,109531,2,1011.48,Online Store,41610940383429,9/27/2023,First-time
3320,4949121892549,95431,1,505.74,Online Store,41610940383429,7/26/2023,First-time
3321,5013003043013,108481,1,594.99,Online Store,41610940383429,9/22/2023,Returning
3322,4991828656325,104281,1,594.99,Online Store,41610940383429,9/4/2023,First-time
3323,5019168178373,109851,3,1349.97,Draft Orders,41610940383429,9/28/2023,First-time
3324,4963565830341,98201,1,594.99,Online Store,41610940383429,8/9/2023,Returning
3325,4982110650565,102461,2,899.98,Draft Orders,41610940383429,8/27/2023,Returning
3326,4970716364997,100021,1,594.99,Online Store,41610940383429,8/16/2023,Returning
3327,5018907050181,109791,1,449.99,Draft Orders,41610940383429,9/28/2023,First-time
3328,4982268035269,102551,4,2225.26,Online Store,41610940383429,8/27/2023,Returning
3329,4933901549765,91931,1,505.74,Online Store,41610940383429,7/11/2023,First-time
3330,4985862979781,103331,11,3663,Draft Orders,41610940383429,8/30/2023,First-time
3331,5004109381829,107271,1,594.99,Online Store,41610940383429,9/16/2023,First-time
3332,4947936608453,95121,1,594.99,Online Store,41610940383429,7/25/2023,First-time
3333,4999797080261,106451,1,594.99,Online Store,41610940383429,9/12/2023,Returning
3334,4980172456133,102051,1,505.74,Online Store,41610940383429,8/25/2023,First-time
3335,4990450303173,104021,1,594.99,Online Store,41610940383429,9/3/2023,First-time
3336,5000660517061,106671,2,1189.98,Online Store,41610940383429,9/13/2023,First-time
3337,4927136891077,90481,1,548.88,Online Store,41610940383429,7/4/2023,Returning
3338,5015302078661,108911,1,594.99,Online Store,41610940383429,9/24/2023,First-time
3339,5017110053061,109281,1,505.74,Online Store,41610940383429,9/26/2023,Returning
3340,5017175752901,109311,2,1011.48,Online Store,41610940383429,9/26/2023,First-time
3341,4984513953989,103051,3,1349.97,Draft Orders,41610940383429,8/29/2023,First-time
3342,4928102367429,90631,1,505.73,Online Store,41610940383429,7/5/2023,Returning
3343,4941269598405,93451,1,557.58,Online Store,41610940383429,7/19/2023,First-time
3344,4991886590149,104311,1,594.99,Online Store,41610940383429,9/4/2023,First-time
3345,4954339606725,96311,1,594.99,Online Store,41610940383429,7/31/2023,First-time
3346,4957328933061,96971,2,1011.48,Online Store,41610940383429,8/3/2023,First-time
3347,4976022847685,101041,1,505.74,Online Store,41610940383429,8/21/2023,First-time
3348,4938693247173,92861,1,505.74,Online Store,41610940383429,7/16/2023,First-time
3349,4941008928965,93371,-1,-594.99,Online Store,41610940383429,7/18/2023,Returning
3350,4941008928965,93371,1,594.99,Online Store,41610940383429,7/18/2023,Returning
3351,4927718031557,90541,1,505.74,Online Store,41610940383429,7/5/2023,First-time
3352,4976688234693,101121,1,505.74,Online Store,41610940383429,8/22/2023,First-time
3353,4924450341061,89761,1,594.99,Online Store,41610940383429,7/2/2023,Returning
3354,4997686132933,105751,1,505.73,Online Store,41610940383429,9/10/2023,First-time
3355,4999257358533,106261,2,1011.48,Online Store,41610940383429,9/12/2023,Returning
3356,4953162121413,96051,1,594.99,Online Store,41610940383429,7/30/2023,Returning
3357,4984382881989,103011,3,1457.96,Draft Orders,41610940383429,8/29/2023,Returning
3358,4978786173125,101691,4,2022.96,Online Store,41610940383429,8/24/2023,Returning
3359,4955656978629,96581,1,505.74,Online Store,41610940383429,8/2/2023,Returning
3360,4939880562885,93141,1,505.74,Online Store,41610940383429,7/17/2023,Returning
3361,4980997095621,102221,1,594.99,Online Store,41610940383429,8/26/2023,First-time
3362,4957688463557,97051,3,1784.97,Online Store,41610940383429,8/3/2023,Returning
3363,4950082748613,95581,2,1011.48,Online Store,41610940383429,7/27/2023,First-time
3364,4929680507077,90961,1,594.99,Online Store,41610940383429,7/7/2023,First-time
3365,5005675954373,107681,1,594.99,Online Store,41610940383429,9/18/2023,First-time
3366,4965962645701,98851,3,1349.97,Draft Orders,41610940383429,8/11/2023,First-time
3367,5005831340229,107731,1,594.99,Online Store,41610940383429,9/18/2023,First-time
3368,4967730708677,99281,1,594.99,Online Store,41610940383429,8/13/2023,First-time
3369,5016322572485,109091,3,1784.97,Online Store,41610940383429,9/25/2023,First-time
3370,4971391779013,100241,1,529.99,Draft Orders,41610990420165,8/17/2023,Returning
3371,5000466170053,106591,3,1701.26,Draft Orders,41610990420165,9/13/2023,Returning
3372,4977354670277,101351,2,1059.98,Draft Orders,41610990420165,8/22/2023,Returning
3373,4994574024901,104741,3,1772.22,Online Store,41610990420165,9/7/2023,Returning
3374,5007027634373,107941,1,590.73,Online Store,41610990420165,9/19/2023,First-time
3375,5018019496133,109571,2,1389.98,Online Store,41610990420165,9/27/2023,Returning
3376,4985973571781,103361,1,590.74,Online Store,41610990420165,8/30/2023,First-time
3377,4948669235397,95321,2,1389.98,Online Store,41771976425669,7/26/2023,First-time
3378,4971391779013,100241,1,529.99,Draft Orders,41771976425669,8/17/2023,Returning
3379,4994574024901,104741,2,1181.48,Online Store,41771976425669,9/7/2023,Returning
3380,4929771274437,91001,1,529.99,Draft Orders,41771976425669,7/7/2023,Returning
3381,4933718835397,91861,1,694.99,Online Store,41771976425669,7/11/2023,First-time
3382,4970939351237,100081,1,694.99,Online Store,41771976425669,8/16/2023,Returning
3383,4977354670277,101351,1,529.99,Draft Orders,41771976425669,8/22/2023,Returning
3384,5011135070405,108151,2,1059.98,Draft Orders,41771976425669,9/20/2023,First-time
3385,4960361939141,97531,2,910,Draft Orders,41610990452933,8/6/2023,Returning
3386,5017159270597,109301,1,479.99,Draft Orders,41610990452933,9/26/2023,Returning
3387,4979214352581,101801,1,529.99,Draft Orders,41610990452933,8/24/2023,Returning
3388,4942869627077,93761,1,694.99,Online Store,41610940416197,7/20/2023,First-time
3389,4929771274437,91001,1,529.99,Draft Orders,41610940416197,7/7/2023,Returning
3390,5017569657029,109421,2,1168.63,Draft Orders,41610940416197,9/27/2023,Returning
3391,4933773721797,91911,15,866.25,Draft Orders,41610940416197,7/11/2023,Returning
3392,4970752377029,100041,1,766.23,Online Store,41610940416197,8/16/2023,Returning
3393,4982110650565,102461,1,529.99,Draft Orders,41610940416197,8/27/2023,Returning
3394,4994574024901,104741,2,1181.48,Online Store,41610940416197,9/7/2023,Returning
3395,5018907050181,109791,3,1589.97,Draft Orders,41610940416197,9/28/2023,First-time
3396,4972996788421,100421,2,1389.98,Online Store,41610940416197,8/18/2023,First-time
3397,4979214352581,101801,1,529.99,Draft Orders,41610940416197,8/24/2023,Returning
3398,4976996450501,101191,2,986.72,Draft Orders,41610940416197,8/22/2023,Returning
3399,4961443217605,97721,1,694.99,Online Store,41610940416197,8/7/2023,Returning
3400,4967567098053,99231,10,577.5,Draft Orders,41610940416197,8/13/2023,Returning
3401,4955308523717,96521,1,766.23,Online Store,41610940416197,8/1/2023,Returning
3402,5007027634373,107941,1,590.74,Online Store,41610940416197,9/19/2023,First-time
3403,4980034502853,102011,1,694.99,Online Store,41610990354629,8/25/2023,Returning
3404,4993782382789,104621,1,590.73,Online Store,41610990354629,9/6/2023,Returning
3405,4982110650565,102461,1,529.99,Draft Orders,41610990354629,8/27/2023,Returning
3406,4924118794437,89721,1,694.99,Online Store,41610940448965,7/1/2023,Returning
3407,5010854707397,108111,1,505.99,Draft Orders,42200203198661,9/20/2023,Returning
3408,4929771274437,91001,1,529.99,Draft Orders,41610990387397,7/7/2023,Returning
3409,5010854707397,108111,1,505.99,Draft Orders,41610990387397,9/20/2023,Returning
3410,4980246708421,102111,4,2779.96,Online Store,42200202969285,8/25/2023,First-time
3411,4958271930565,97151,1,590.74,Online Store,42200202969285,8/4/2023,Returning
3412,5007027634373,107941,1,590.74,Online Store,42200202969285,9/19/2023,First-time
3413,4968885420229,99601,1,694.99,Online Store,42200202969285,8/14/2023,First-time
3414,4971391779013,100241,1,529.99,Draft Orders,41771976458437,8/17/2023,Returning
3415,4965962645701,98851,2,29.98,Draft Orders,41972815757509,8/11/2023,First-time
3416,4968370962629,99471,1,14.99,Draft Orders,41972815757509,8/14/2023,First-time
3417,4928633536709,90751,20,239.8,Draft Orders,41972815757509,7/6/2023,Returning
3418,5020061827269,109941,1,74.99,Online Store,42354743738565,9/29/2023,Returning
3419,5021620502725,110331,1,71.99,Online Store,42354744164549,9/30/2023,First-time
3420,5021551132869,110311,1,74.99,Online Store,42365074800837,9/30/2023,Returning
3421,5020186476741,109981,1,82.11,Online Store,42354743935173,9/29/2023,Returning
3422,5021060038853,110141,1,74.99,Online Store,42365074505925,9/30/2023,First-time
3423,5021211984069,110221,1,74.99,Online Store,42354731712709,9/30/2023,Returning
3424,5021556408517,110321,1,74.99,Online Store,42365074309317,9/30/2023,Returning
3425,5020517073093,110011,1,63.75,Online Store,42365074735301,9/29/2023,Returning
3426,5020611510469,110051,1,71.99,Online Store,42354744230085,9/29/2023,First-time
3427,5021551132869,110311,2,149.98,Online Store,42354744066245,9/30/2023,Returning
3428,5021146316997,110181,1,71.99,Online Store,42354743902405,9/30/2023,Returning
3429,5021620502725,110331,1,74.99,Online Store,42354743836869,9/30/2023,First-time
3430,5021211984069,110221,1,74.99,Online Store,42354743705797,9/30/2023,Returning
3431,5021701767365,110361,1,57.79,Online Store,42354744295621,9/30/2023,First-time
3432,5021325557957,110241,1,57.79,Online Store,42354744295621,9/30/2023,First-time
3433,5021484351685,110301,1,63.74,Online Store,42365074538693,9/30/2023,First-time
3434,4967868203205,99321,1,195.49,Online Store,41750474555589,8/13/2023,First-time
3435,4953784615109,96151,1,229.99,Online Store,42255650652357,7/31/2023,First-time
3436,5018924187845,109801,1,199.99,Online Store,41750474326213,9/28/2023,First-time
3437,4961540243653,97741,1,199.99,Online Store,41750474326213,8/7/2023,First-time
3438,4934490226885,92011,1,169.99,Online Store,41750474326213,7/12/2023,First-time
3439,4967331627205,99171,1,169.98,Online Store,41750474326213,8/13/2023,First-time
3440,4983164731589,102691,1,169.99,Online Store,41750474326213,8/28/2023,First-time
3441,5018924187845,109801,1,229.99,Online Store,41750474490053,9/28/2023,First-time
3442,4930130706629,91131,1,195.48,Online Store,41750474522821,7/7/2023,First-time
3443,5018924187845,109801,1,229.99,Online Store,42169177833669,9/28/2023,First-time
3444,4968793473221,99581,1,69,Draft Orders,0,8/14/2023,Returning
